<?xml version="1.0" encoding="UTF-8"?>
<!DOCTYPE html PUBLIC "-//W3C//DTD XHTML 1.0 Transitional//EN"
    "http://www.w3.org/TR/xhtml1/DTD/xhtml1-transitional.dtd">
<html xmlns="http://www.w3.org/1999/xhtml" xml:lang="en" lang="en">
 <head>
  <title>
</title>
<meta http-equiv="Content-Type" content="text/html;charset=utf-8" />
  <meta name='ocr-system' content='tesseract 3.04.00' />
  <meta name='ocr-capabilities' content='ocr_page ocr_carea ocr_par ocr_line ocrx_word'/>
</head>
<body>
  <div class='ocr_page' id='page_1' title='image "./letters00hutcgoog_0401.png"; bbox 0 0 2334 3686; ppageno 0'>
   <div class='ocr_carea' id='block_1_1' title="bbox 346 241 882 302">
    <p class='ocr_par' dir='ltr' id='par_1_1' title="bbox 346 241 882 302">
     <span class='ocr_line' id='line_1_1' title="bbox 346 241 882 302; baseline -0.002 -2"><span class='ocrx_word' id='word_1_1' title='bbox 346 243 435 300; x_wconf 87' lang='lat' dir='ltr'>THE</span> <span class='ocrx_word' id='word_1_2' title='bbox 459 241 643 302; x_wconf 75' lang='lat' dir='ltr'>LETTERS</span> <span class='ocrx_word' id='word_1_3' title='bbox 672 244 726 301; x_wconf 89' lang='lat' dir='ltr'>OF</span> <span class='ocrx_word' id='word_1_4' title='bbox 757 241 882 300; x_wconf 86' lang='lat' dir='ltr'>PLINY</span> 
     </span>
    </p>
   </div>
   <div class='ocr_carea' id='block_1_2' title="bbox 531 499 707 557">
    <p class='ocr_par' dir='ltr' id='par_1_2' title="bbox 531 499 707 557">
     <span class='ocr_line' id='line_1_2' title="bbox 531 499 707 557; baseline 0.006 -1"><span class='ocrx_word' id='word_1_5' title='bbox 531 499 707 557; x_wconf 89' lang='lat' dir='ltr'>LXXXVII</span> 
     </span>
    </p>
   </div>
   <div class='ocr_carea' id='block_1_3' title="bbox 339 663 884 721">
    <p class='ocr_par' dir='ltr' id='par_1_3' title="bbox 339 663 884 721">
     <span class='ocr_line' id='line_1_3' title="bbox 339 663 884 721; baseline -0.004 -1"><span class='ocrx_word' id='word_1_6' title='bbox 339 663 370 721; x_wconf 90' lang='lat' dir='ltr'>C.</span> <span class='ocrx_word' id='word_1_7' title='bbox 397 663 515 720; x_wconf 81' lang='lat' dir='ltr'>Purruus</span> <span class='ocrx_word' id='word_1_8' title='bbox 536 663 674 720; x_wconf 74' lang='lat' dir='ltr'>Traiano</span> <span class='ocrx_word' id='word_1_9' title='bbox 698 663 884 721; x_wconf 76' lang='lat' dir='ltr'>Iurunnroru</span> 
     </span>
    </p>
   </div>
   <div class='ocr_carea' id='block_1_4' title="bbox 129 819 1072 2732">
    <p class='ocr_par' dir='ltr' id='par_1_4' title="bbox 129 819 1072 2732">
     <span class='ocr_line' id='line_1_4' title="bbox 206 819 1070 896; baseline -0.003 -18"><span class='ocrx_word' id='word_1_10' title='bbox 206 821 412 878; x_wconf 78' lang='lat' dir='ltr'>Nrurururun</span> <span class='ocrx_word' id='word_1_11' title='bbox 443 820 563 891; x_wconf 85' lang='lat' dir='ltr'>Luruu,</span> <span class='ocrx_word' id='word_1_12' title='bbox 585 820 718 891; x_wconf 87' lang='lat' dir='ltr'>domine,</span> <span class='ocrx_word' id='word_1_13' title='bbox 742 819 957 896; x_wconf 86' lang='lat' dir='ltr'>primipilarem</span> <span class='ocrx_word' id='word_1_14' title='bbox 986 839 1070 876; x_wconf 91' lang='lat' dir='ltr'>com-</span> 
     </span>
     <span class='ocr_line' id='line_1_5' title="bbox 164 944 1071 1033; baseline -0.004 -29"><span class='ocrx_word' id='word_1_15' title='bbox 164 946 334 1033; x_wconf 75' lang='lat' dir='ltr'>militonem</span> <span class='ocrx_word' id='word_1_16' title='bbox 370 945 472 1015; x_wconf 85' lang='lat' dir='ltr'>habui,</span> <span class='ocrx_word' id='word_1_17' title='bbox 501 965 570 1002; x_wconf 92' lang='lat' dir='ltr'>cum</span> <span class='ocrx_word' id='word_1_18' title='bbox 605 948 670 1020; x_wconf 90' lang='lat' dir='ltr'>ipse</span> <span class='ocrx_word' id='word_1_19' title='bbox 705 946 844 1004; x_wconf 91' lang='lat' dir='ltr'>tribunus</span> <span class='ocrx_word' id='word_1_20' title='bbox 879 963 986 1014; x_wconf 89' lang='lat' dir='ltr'>essem,</span> <span class='ocrx_word' id='word_1_21' title='bbox 1015 944 1071 1001; x_wconf 91' lang='lat' dir='ltr'>ille</span> 
     </span>
     <span class='ocr_line' id='line_1_6' title="bbox 163 1068 1072 1148; baseline -0.001 -21"><span class='ocrx_word' id='word_1_22' title='bbox 163 1070 344 1148; x_wconf 79' lang='lat' dir='ltr'><strong>praefectus,</strong></span> <span class='ocrx_word' id='word_1_23' title='bbox 389 1069 466 1127; x_wconf 89' lang='lat' dir='ltr'>Inde</span> <span class='ocrx_word' id='word_1_24' title='bbox 481 1068 669 1126; x_wconf 80' lang='lat' dir='ltr'>familiariter</span> <span class='ocrx_word' id='word_1_25' title='bbox 684 1068 812 1145; x_wconf 84' lang='lat' dir='ltr'>diligere</span> <span class='ocrx_word' id='word_1_26' title='bbox 826 1071 920 1144; x_wconf 91' lang='lat' dir='ltr'>coepi.</span> <span class='ocrx_word' id='word_1_27' title='bbox 964 1068 1072 1126; x_wconf 90' lang='lat' dir='ltr'>Crevit</span> 
     </span>
     <span class='ocr_line' id='line_1_7' title="bbox 163 1195 1069 1272; baseline -0.006 -18"><span class='ocrx_word' id='word_1_28' title='bbox 163 1204 269 1272; x_wconf 88' lang='lat' dir='ltr'>postea</span> <span class='ocrx_word' id='word_1_29' title='bbox 310 1199 418 1252; x_wconf 85' lang='lat' dir='ltr'>caritas</span> <span class='ocrx_word' id='word_1_30' title='bbox 459 1198 524 1270; x_wconf 88' lang='lat' dir='ltr'>ipsa</span> <span class='ocrx_word' id='word_1_31' title='bbox 558 1201 683 1251; x_wconf 85' lang='lat' dir='ltr'>mutuae</span> <span class='ocrx_word' id='word_1_32' title='bbox 719 1200 872 1250; x_wconf 83' lang='lat' dir='ltr'>vetustate</span> <span class='ocrx_word' id='word_1_33' title='bbox 906 1195 1069 1249; x_wconf 83' lang='lat' dir='ltr'>amicitiae.</span> 
     </span>
     <span class='ocr_line' id='line_1_8' title="bbox 165 1318 1070 1396; baseline -0.002 -22"><span class='ocrx_word' id='word_1_34' title='bbox 165 1318 273 1396; x_wconf 82' lang='lat' dir='ltr'>ltaque</span> <span class='ocrx_word' id='word_1_35' title='bbox 289 1327 322 1376; x_wconf 90' lang='lat' dir='ltr'>et</span> <span class='ocrx_word' id='word_1_36' title='bbox 336 1322 432 1395; x_wconf 85' lang='lat' dir='ltr'>quieti</span> <span class='ocrx_word' id='word_1_37' title='bbox 447 1321 511 1376; x_wconf 92' lang='lat' dir='ltr'>eius</span> <span class='ocrx_word' id='word_1_38' title='bbox 528 1321 619 1375; x_wconf 89' lang='lat' dir='ltr'>inieci</span> <span class='ocrx_word' id='word_1_39' title='bbox 637 1337 761 1374; x_wconf 85' lang='lat' dir='ltr'>manum</span> <span class='ocrx_word' id='word_1_40' title='bbox 782 1324 815 1374; x_wconf 91' lang='lat' dir='ltr'>et</span> <span class='ocrx_word' id='word_1_41' title='bbox 839 1319 937 1392; x_wconf 85' lang='lat' dir='ltr'>exegi,</span> <span class='ocrx_word' id='word_1_42' title='bbox 959 1323 994 1372; x_wconf 90' lang='lat' dir='ltr'>ut</span> <span class='ocrx_word' id='word_1_43' title='bbox 1017 1336 1070 1372; x_wconf 90' lang='lat' dir='ltr'>me</span> 
     </span>
     <span class='ocr_line' id='line_1_9' title="bbox 163 1440 1071 1519; baseline -0.001 -21"><span class='ocrx_word' id='word_1_44' title='bbox 163 1445 195 1498; x_wconf 91' lang='lat' dir='ltr'>in</span> <span class='ocrx_word' id='word_1_45' title='bbox 210 1441 354 1519; x_wconf 82' lang='lat' dir='ltr'>Bithynia</span> <span class='ocrx_word' id='word_1_46' title='bbox 368 1442 493 1500; x_wconf 89' lang='lat' dir='ltr'>consilio</span> <span class='ocrx_word' id='word_1_47' title='bbox 507 1446 680 1500; x_wconf 89' lang='lat' dir='ltr'>instrueret.</span> <span class='ocrx_word' id='word_1_48' title='bbox 717 1440 808 1513; x_wconf 89' lang='lat' dir='ltr'>Quod</span> <span class='ocrx_word' id='word_1_49' title='bbox 822 1440 874 1498; x_wconf 90' lang='lat' dir='ltr'>ille</span> <span class='ocrx_word' id='word_1_50' title='bbox 888 1444 1071 1497; x_wconf 84' lang='lat' dir='ltr'>amicissime</span> 
     </span>
     <span class='ocr_line' id='line_1_10' title="bbox 167 1563 1072 1642; baseline -0.002 -18"><span class='ocrx_word' id='word_1_51' title='bbox 167 1575 199 1624; x_wconf 89' lang='lat' dir='ltr'>et</span> <span class='ocrx_word' id='word_1_52' title='bbox 213 1570 268 1624; x_wconf 91' lang='lat' dir='ltr'>otii</span> <span class='ocrx_word' id='word_1_53' title='bbox 283 1575 316 1624; x_wconf 89' lang='lat' dir='ltr'>et</span> <span class='ocrx_word' id='word_1_54' title='bbox 331 1570 498 1624; x_wconf 83' lang='lat' dir='ltr'>senectutis</span> <span class='ocrx_word' id='word_1_55' title='bbox 513 1571 630 1623; x_wconf 89' lang='lat' dir='ltr'>ratione</span> <span class='ocrx_word' id='word_1_56' title='bbox 644 1569 812 1642; x_wconf 83' lang='lat' dir='ltr'>postposita</span> <span class='ocrx_word' id='word_1_57' title='bbox 826 1573 859 1622; x_wconf 92' lang='lat' dir='ltr'>et</span> <span class='ocrx_word' id='word_1_58' title='bbox 873 1568 932 1620; x_wconf 89' lang='lat' dir='ltr'>iam</span> <span class='ocrx_word' id='word_1_59' title='bbox 945 1563 1022 1621; x_wconf 88' lang='lat' dir='ltr'>fecit</span> <span class='ocrx_word' id='word_1_60' title='bbox 1038 1573 1072 1622; x_wconf 90' lang='lat' dir='ltr'>et</span> 
     </span>
     <span class='ocr_line' id='line_1_11' title="bbox 163 1688 1071 1762; baseline -0.002 -14"><span class='ocrx_word' id='word_1_61' title='bbox 163 1691 296 1748; x_wconf 82' lang='lat' dir='ltr'>facturus</span> <span class='ocrx_word' id='word_1_62' title='bbox 316 1699 370 1748; x_wconf 90' lang='lat' dir='ltr'>est.</span> <span class='ocrx_word' id='word_1_63' title='bbox 415 1691 532 1762; x_wconf 85' lang='lat' dir='ltr'>Quibus</span> <span class='ocrx_word' id='word_1_64' title='bbox 557 1711 593 1748; x_wconf 87' lang='lat' dir='ltr'>ex</span> <span class='ocrx_word' id='word_1_65' title='bbox 618 1694 714 1749; x_wconf 83' lang='lat' dir='ltr'>causis</span> <span class='ocrx_word' id='word_1_66' title='bbox 739 1688 978 1748; x_wconf 85' lang='lat' dir='ltr'>necessitudines</span> <span class='ocrx_word' id='word_1_67' title='bbox 1002 1693 1071 1746; x_wconf 92' lang='lat' dir='ltr'>eius</span> 
     </span>
     <span class='ocr_line' id='line_1_12' title="bbox 163 1804 1070 1882; baseline -0.001 -20"><span class='ocrx_word' id='word_1_68' title='bbox 163 1811 244 1863; x_wconf 90' lang='lat' dir='ltr'>inter</span> <span class='ocrx_word' id='word_1_69' title='bbox 265 1825 349 1863; x_wconf 88' lang='lat' dir='ltr'>meas</span> <span class='ocrx_word' id='word_1_70' title='bbox 374 1825 510 1876; x_wconf 90' lang='lat' dir='ltr'>numero,</span> <span class='ocrx_word' id='word_1_71' title='bbox 534 1805 628 1863; x_wconf 91' lang='lat' dir='ltr'>filium</span> <span class='ocrx_word' id='word_1_72' title='bbox 650 1809 683 1863; x_wconf 92' lang='lat' dir='ltr'>in</span> <span class='ocrx_word' id='word_1_73' title='bbox 707 1809 821 1882; x_wconf 90' lang='lat' dir='ltr'>primis,</span> <span class='ocrx_word' id='word_1_74' title='bbox 848 1804 1070 1882; x_wconf 89' lang='lat' dir='ltr'>Nymphidium</span> 
     </span>
     <span class='ocr_line' id='line_1_13' title="bbox 129 1931 1070 2008; baseline 0.002 -22"><span class='ocrx_word' id='word_1_75' title='bbox 129 2000 131 2006; x_wconf 18' lang='lat' dir='ltr'>y</span> <span class='ocrx_word' id='word_1_76' title='bbox 164 1931 294 2006; x_wconf 84' lang='lat' dir='ltr'>Lupum,</span> <span class='ocrx_word' id='word_1_77' title='bbox 322 1934 463 1987; x_wconf 91' lang='lat' dir='ltr'>iuvenem</span> <span class='ocrx_word' id='word_1_78' title='bbox 499 1933 636 2007; x_wconf 90' lang='lat' dir='ltr'>probum,</span> <span class='ocrx_word' id='word_1_79' title='bbox 664 1931 847 1988; x_wconf 89' lang='lat' dir='ltr'>industrium</span> <span class='ocrx_word' id='word_1_80' title='bbox 883 1939 915 1988; x_wconf 91' lang='lat' dir='ltr'>et</span> <span class='ocrx_word' id='word_1_81' title='bbox 943 1935 1070 2008; x_wconf 85' lang='lat' dir='ltr'>egregio</span> 
     </span>
     <span class='ocr_line' id='line_1_14' title="bbox 163 2053 1068 2131; baseline 0.006 -22"><span class='ocrx_word' id='word_1_82' title='bbox 163 2061 249 2128; x_wconf 86' lang='lat' dir='ltr'>patre</span> <span class='ocrx_word' id='word_1_83' title='bbox 278 2053 498 2130; x_wconf 85' lang='lat' dir='ltr'>dignissimum,</span> <span class='ocrx_word' id='word_1_84' title='bbox 522 2054 717 2112; x_wconf 87' lang='lat' dir='ltr'>suffecturum</span> <span class='ocrx_word' id='word_1_85' title='bbox 745 2055 955 2131; x_wconf 86' lang='lat' dir='ltr'>indulgentiae</span> <span class='ocrx_word' id='word_1_86' title='bbox 984 2065 1068 2127; x_wconf 86' lang='lat' dir='ltr'>tuae,</span> 
     </span>
     <span class='ocr_line' id='line_1_15' title="bbox 162 2182 1068 2258; baseline 0.003 -23"><span class='ocrx_word' id='word_1_87' title='bbox 162 2182 242 2236; x_wconf 91' lang='lat' dir='ltr'>sicut</span> <span class='ocrx_word' id='word_1_88' title='bbox 256 2182 360 2254; x_wconf 92' lang='lat' dir='ltr'>primis</span> <span class='ocrx_word' id='word_1_89' title='bbox 376 2183 440 2236; x_wconf 91' lang='lat' dir='ltr'>eius</span> <span class='ocrx_word' id='word_1_90' title='bbox 455 2183 672 2254; x_wconf 86' lang='lat' dir='ltr'>experimentis</span> <span class='ocrx_word' id='word_1_91' title='bbox 687 2200 869 2255; x_wconf 86' lang='lat' dir='ltr'>cognoscere</span> <span class='ocrx_word' id='word_1_92' title='bbox 884 2189 981 2258; x_wconf 91' lang='lat' dir='ltr'>potes,</span> <span class='ocrx_word' id='word_1_93' title='bbox 996 2201 1068 2239; x_wconf 92' lang='lat' dir='ltr'>cnm</span> 
     </span>
     <span class='ocr_line' id='line_1_16' title="bbox 163 2302 1067 2380; baseline 0.007 -22"><span class='ocrx_word' id='word_1_94' title='bbox 163 2302 336 2379; x_wconf 86' lang='lat' dir='ltr'>praefectus</span> <span class='ocrx_word' id='word_1_95' title='bbox 370 2303 501 2360; x_wconf 92' lang='lat' dir='ltr'>cohortis</span> <span class='ocrx_word' id='word_1_96' title='bbox 529 2302 738 2380; x_wconf 89' lang='lat' dir='ltr'>plenissimum</span> <span class='ocrx_word' id='word_1_97' title='bbox 765 2308 974 2362; x_wconf 90' lang='lat' dir='ltr'>testimoninm</span> <span class='ocrx_word' id='word_1_98' title='bbox 1002 2326 1067 2364; x_wconf 91' lang='lat' dir='ltr'>me-</span> 
     </span>
     <span class='ocr_line' id='line_1_17' title="bbox 161 2425 1067 2500; baseline 0.001 -17"><span class='ocrx_word' id='word_1_99' title='bbox 161 2429 257 2484; x_wconf 89' lang='lat' dir='ltr'>ruerit</span> <span class='ocrx_word' id='word_1_100' title='bbox 272 2425 330 2482; x_wconf 90' lang='lat' dir='ltr'>luli</span> <span class='ocrx_word' id='word_1_101' title='bbox 354 2426 472 2483; x_wconf 87' lang='lat' dir='ltr'>Ferocis</span> <span class='ocrx_word' id='word_1_102' title='bbox 487 2434 520 2483; x_wconf 91' lang='lat' dir='ltr'>et</span> <span class='ocrx_word' id='word_1_103' title='bbox 535 2426 621 2483; x_wconf 89' lang='lat' dir='ltr'>Fusci</span> <span class='ocrx_word' id='word_1_104' title='bbox 637 2425 820 2496; x_wconf 85' lang='lat' dir='ltr'>Salinatoris,</span> <span class='ocrx_word' id='word_1_105' title='bbox 836 2425 1067 2500; x_wconf 84' lang='lat' dir='ltr'>clarissimorum</span> 
     </span>
     <span class='ocr_line' id='line_1_18' title="bbox 162 2549 1065 2626; baseline 0.004 -22"><span class='ocrx_word' id='word_1_106' title='bbox 162 2552 300 2606; x_wconf 89' lang='lat' dir='ltr'>virorum.</span> <span class='ocrx_word' id='word_1_107' title='bbox 353 2549 459 2606; x_wconf 92' lang='lat' dir='ltr'>Meum</span> <span class='ocrx_word' id='word_1_108' title='bbox 487 2549 642 2625; x_wconf 89' lang='lat' dir='ltr'>gaudium,</span> <span class='ocrx_word' id='word_1_109' title='bbox 671 2549 804 2620; x_wconf 90' lang='lat' dir='ltr'>domine,</span> <span class='ocrx_word' id='word_1_110' title='bbox 827 2569 926 2607; x_wconf 85' lang='lat' dir='ltr'>meam</span> <span class='ocrx_word' id='word_1_111' title='bbox 961 2559 1065 2626; x_wconf 85' lang='lat' dir='ltr'>gratu·</span> 
     </span>
     <span class='ocr_line' id='line_1_19' title="bbox 161 2671 728 2732; baseline 0.009 -5"><span class='ocrx_word' id='word_1_112' title='bbox 161 2672 307 2729; x_wconf 88' lang='lat' dir='ltr'>lationem</span> <span class='ocrx_word' id='word_1_113' title='bbox 323 2671 375 2728; x_wconf 90' lang='lat' dir='ltr'>filii</span> <span class='ocrx_word' id='word_1_114' title='bbox 390 2673 519 2731; x_wconf 88' lang='lat' dir='ltr'>honores</span> <span class='ocrx_word' id='word_1_115' title='bbox 534 2673 728 2732; x_wconf 89' lang='lat' dir='ltr'>continebis.l</span> 
     </span>
    </p>
   </div>
   <div class='ocr_carea' id='block_1_5' title="bbox 324 2801 899 2864">
    <p class='ocr_par' dir='ltr' id='par_1_5' title="bbox 324 2801 899 2864">
     <span class='ocr_line' id='line_1_20' title="bbox 324 2801 899 2864; baseline 0.003 -13"><span class='ocrx_word' id='word_1_116' title='bbox 324 2801 332 2832; x_wconf 90' lang='lat'><strong>¹</strong></span> <span class='ocrx_word' id='word_1_117' title='bbox 345 2803 492 2852; x_wconf 86' lang='lat' dir='ltr'>continebis</span> <span class='ocrx_word' id='word_1_118' title='bbox 506 2803 608 2863; x_wconf 66' lang='lat' dir='ltr'>Calan„</span> <span class='ocrx_word' id='word_1_119' title='bbox 621 2805 789 2854; x_wconf 81' lang='lat' dir='ltr'>continerent</span> <span class='ocrx_word' id='word_1_120' title='bbox 801 2804 860 2864; x_wconf 80' lang='lat' dir='ltr'>Au,</span> <span class='ocrx_word' id='word_1_121' title='bbox 874 2821 899 2853; x_wconf 87' lang='lat' dir='ltr'>a.</span> 
     </span>
    </p>
   </div>
   <div class='ocr_carea' id='block_1_6' title="bbox 160 2886 1065 3108">
    <p class='ocr_par' dir='ltr' id='par_1_6' title="bbox 160 2886 1065 3108">
     <span class='ocr_line' id='line_1_21' title="bbox 194 2886 1065 2976; baseline 0.007 -19"><span class='ocrx_word' id='word_1_122' title='bbox 194 2917 207 2938; x_wconf 75' lang='lat'><em>⁰</em></span> <span class='ocrx_word' id='word_1_123' title='bbox 223 2909 266 2959; x_wconf 69' lang='lat' dir='ltr'>ue,</span> <span class='ocrx_word' id='word_1_124' title='bbox 278 2909 398 2973; x_wconf 85' lang='lat' dir='ltr'>(probabi</span> <span class='ocrx_word' id='word_1_125' title='bbox 420 2911 468 2971; x_wconf 80' lang='lat' dir='ltr'>)oi</span> <span class='ocrx_word' id='word_1_126' title='bbox 484 2911 530 2960; x_wconf 82' lang='lat' dir='ltr'>the</span> <span class='ocrx_word' id='word_1_127' title='bbox 542 2927 627 2976; x_wconf 84' lang='lat' dir='ltr'>camp,</span> <span class='ocrx_word' id='word_1_128' title='bbox 641 2886 872 2973; x_wconf 43' lang='lat' dir='ltr'>nosti—ooohort,</span> <span class='ocrx_word' id='word_1_129' title='bbox 887 2912 942 2962; x_wconf 87' lang='lat' dir='ltr'>like</span> <span class='ocrx_word' id='word_1_130' title='bbox 959 2913 1001 2962; x_wconf 89' lang='lat' dir='ltr'>his</span> <span class='ocrx_word' id='word_1_131' title='bbox 1018 2931 1065 2964; x_wconf 81' lang='lat' dir='ltr'>son</span> 
     </span>
     <span class='ocr_line' id='line_1_22' title="bbox 165 2927 1065 3043; baseline 0.011 -23"><span class='ocrx_word' id='word_1_132' title='bbox 165 2975 217 3032; x_wconf 79' lang='lat' dir='ltr'>(aee</span> <span class='ocrx_word' id='word_1_133' title='bbox 228 2974 330 3035; x_wconf 87' lang='lat' dir='ltr'>below).</span> <span class='ocrx_word' id='word_1_134' title='bbox 370 2927 471 3026; x_wconf 71' lang='lat' dir='ltr'>“Syince</span> <span class='ocrx_word' id='word_1_135' title='bbox 483 2977 530 3027; x_wconf 82' lang='lat' dir='ltr'>the</span> <span class='ocrx_word' id='word_1_136' title='bbox 548 2977 612 3026; x_wconf 86' lang='lat' dir='ltr'>time</span> <span class='ocrx_word' id='word_1_137' title='bbox 630 2978 657 3026; x_wconf 87' lang='lat' dir='ltr'>oi</span> <span class='ocrx_word' id='word_1_138' title='bbox 675 2977 810 3027; x_wconf 79' lang='lat' dir='ltr'>Domitian</span> <span class='ocrx_word' id='word_1_139' title='bbox 827 2979 891 3027; x_wconf 87' lang='lat' dir='ltr'>euch</span> <span class='ocrx_word' id='word_1_140' title='bbox 909 2979 995 3043; x_wconf 87' lang='lat' dir='ltr'>legion</span> <span class='ocrx_word' id='word_1_141' title='bbox 1012 2980 1065 3029; x_wconf 80' lang='lat' dir='ltr'>had</span> 
     </span>
     <span class='ocr_line' id='line_1_23' title="bbox 160 3042 1065 3108; baseline 0.009 -22"><span class='ocrx_word' id='word_1_142' title='bbox 160 3055 177 3086; x_wconf 85' lang='lat' dir='ltr'>a</span> <span class='ocrx_word' id='word_1_143' title='bbox 204 3045 325 3102; x_wconf 81' lang='lat' dir='ltr'>seperate</span> <span class='ocrx_word' id='word_1_144' title='bbox 347 3057 432 3105; x_wconf 82' lang='lat' dir='ltr'>camp,</span> <span class='ocrx_word' id='word_1_145' title='bbox 456 3042 509 3091; x_wconf 84' lang='lat' dir='ltr'>ond</span> <span class='ocrx_word' id='word_1_146' title='bbox 532 3042 701 3108; x_wconf 82' lang='lat' dir='ltr'>accordingly</span> <span class='ocrx_word' id='word_1_147' title='bbox 723 3060 739 3092; x_wconf 87' lang='lat' dir='ltr'>a</span> <span class='ocrx_word' id='word_1_148' title='bbox 767 3049 889 3107; x_wconf 87' lang='lat' dir='ltr'>separate</span> <span class='ocrx_word' id='word_1_149' title='bbox 913 3044 1065 3107; x_wconf 66' lang='lat' dir='ltr'>praefectur</span> 
     </span>
    </p>
   </div>
   <div class='ocr_carea' id='block_1_7' title="bbox 166 3192 220 3245">
    <p class='ocr_par' dir='ltr' id='par_1_7' title="bbox 166 3192 220 3245">
     <span class='ocr_line' id='line_1_24' title="bbox 166 3192 220 3245; baseline 0.056 -3"><span class='ocrx_word' id='word_1_150' title='bbox 166 3192 220 3245; x_wconf 65' lang='lat'>392</span> 
     </span>
    </p>
   </div>
   <div class='ocr_carea' id='block_1_8' title="bbox 0 0 1172 3686">
    <p class='ocr_par' dir='ltr' id='par_1_8' title="bbox 0 0 1172 3686">
     <span class='ocr_line' id='line_1_25' title="bbox 0 0 1172 3686; baseline 0 2"><span class='ocrx_word' id='word_1_151' title='bbox 0 0 1172 3686; x_wconf 95' lang='lat' dir='ltr'> </span> 
     </span>
    </p>
   </div>
  </div>
 </body>
</html>
