2352 3802
342 406 431 463 THE
460 404 644 463 LETTERS
674 405 728 462 OF
752 403 880 461 PLlNY

559 659 664 717 XXXI

336 819 367 876 C.
393 819 513 877 Primus
534 819 672 875 Tnnrauo
695 818 882 876 Inrunnrom

202 982 298 1040 Saura
347 979 559 1056 magnitudine
608 987 670 1051 tua,
719 978 852 1048 domine,
897 975 1066 1034 descendas

162 1101 284 1170 oportet
297 1091 334 1150 ad
351 1111 434 1149 meas
449 1111 543 1160 curas,
559 1110 627 1146 eum
642 1093 688 1147 ius
699 1088 773 1146 mihi
782 1087 903 1146 dederis
913 1085 1065 1144 referendi

161 1205 200 1263 ad
222 1212 265 1273 te,
288 1203 327 1260 de
352 1203 461 1279 quibus
486 1189 601 1259 dubito.
646 1200 682 1257 ln
706 1201 858 1276 plerisque
883 1200 1066 1268 civitatibus

162 1318 292 1371 maxime
308 1311 503 1370 Nicomediae
524 1320 557 1369 et
579 1312 702 1382 Niceae,
723 1310 847 1388 quidam
867 1311 916 1367 vel
937 1313 969 1366 in
992 1329 1068 1386 opus

163 1425 298 1483 damnati
342 1425 390 1481 vel
432 1428 463 1480 in
504 1423 611 1481 ludum
655 1423 823 1499 similiaque
864 1421 912 1480 his
952 1441 1068 1497 genera

164 1555 329 1612 poenarum
344 1535 533 1611 publicorum
548 1554 701 1592 servorum
722 1535 817 1590 officio
838 1537 1067 1610 ministerioque

163 1642 335 1717 funguntur
372 1649 464 1719 atque
503 1645 595 1699 etiam
634 1649 670 1699 ut
707 1641 820 1717 publici
855 1643 933 1698 servi
967 1660 1069 1697 annua

163 1755 324 1826 accipiunt.
368 1750 458 1820 Quod
474 1771 531 1827 ego
545 1771 614 1808 eum
628 1751 789 1822 audissem,
803 1750 856 1808 diu
876 1750 1069 1827 multumque

165 1863 320 1932 haesitavi,
344 1861 416 1938 quid
446 1861 545 1918 faeere
575 1861 727 1919 deberem.
772 1862 849 1919 Nam
879 1869 912 1918 et
939 1859 1070 1918 reddere

165 1993 282 2050 poenae
297 1980 365 2048 post
379 1972 503 2049 longum
519 1981 640 2048 tempus
655 1972 815 2049 plerosque
836 1976 895 2029 iam
917 1992 1006 2029 senes
1028 1980 1070 2041 et,

166 2091 314 2161 quantum
335 2083 519 2153 adimiretur,
534 2084 693 2160 frugaliter
711 2084 910 2160 modesteque
932 2087 1072 2142 viventes

167 2197 256 2250 nimis
292 2212 430 2251 severum
467 2194 642 2265 arbitrabar,
672 2203 705 2252 et
738 2198 770 2250 in
805 2193 933 2270 publicis
968 2193 1072 2251 officiis

167 2308 300 2362 retinere
329 2303 488 2362 damnatos
516 2325 578 2362 non
607 2309 679 2364 satis
707 2303 871 2363 honestum
906 2305 1072 2380 putabam3

168 2414 291 2472 eosdem
314 2434 415 2473 rursus
436 2436 454 2472 a
474 2416 629 2493 republica
651 2419 732 2492 pasci
749 2419 860 2473 otiosos
875 2415 994 2486 inutile,
1008 2435 1072 2472 non

168 2529 249 2602 pasci
277 2529 369 2582 etiam
397 2527 598 2602 periculosum
627 2527 844 2585 existimabam.
894 2525 1074 2584 Necessario

169 2655 242 2712 ergo
270 2655 335 2692 rem
362 2643 469 2707 totam,
495 2636 568 2694 dum
590 2645 624 2695 te
647 2637 848 2708 consulerem,
870 2639 902 2693 in
925 2657 1074 2714 suspenso

168 2744 284 2821 reliqui.

211 2854 346 2925 Quaeres
369 2855 504 2927 fortasse,
528 2877 620 2934 quem
644 2857 682 2915 ad
710 2858 834 2916 modum
863 2863 1010 2929 evenerit,
1040 2867 1076 2916 ut

170 2971 284 3042 poenis,
308 2971 340 3024 in
368 2988 442 3045 quas
470 2967 533 3026 dati
563 2977 659 3040 erant,
683 2970 928 3038 exsolverentur;
960 2978 993 3027 et
1015 2990 1077 3047 ego

170 3083 313 3155 quaesivi,
324 3081 379 3137 sed
389 3080 465 3137 nihil
475 3086 617 3157 comperi,
628 3081 709 3158 quod
720 3081 877 3139 adfirmare
886 3082 943 3138 tibi
952 3086 1075 3158 possim.

513 3247 526 3270 ⁰
543 3255 569 3288 x.
584 3240 623 3299 19,
636 3244 706 3289 note.

173 3347 232 3402 314
