2354 3802
330 348 418 406 THE
447 349 629 408 LETTERS
659 350 713 408 OF
742 350 869 408 PLlNY

587 559 616 616 X

362 716 392 776 C.
420 717 538 773 Pururus
561 717 704 774 Macnruo
726 717 786 776 Suo
808 717 836 775 S.

189 874 270 945 Qum
295 878 369 950 ipse,
393 894 462 932 cum
486 879 583 951 prima
605 879 741 950 cognovi,
765 878 891 950 iungere
915 883 1053 933 extrema

148 987 232 1059 quasi
259 983 362 1041 avulsa
389 987 488 1059 cupio,
509 992 542 1041 te
570 1002 690 1060 quoque
722 986 869 1040 existimo¹
896 982 975 1041 velle
1010 983 1052 1042 de

69 1078 79 1094 ³
148 1089 268 1146 Vareno
283 1098 315 1147 et
330 1089 471 1166 Bithynis
492 1072 608 1167 reliqua
629 1108 819 1165 cognoscere.
863 1089 942 1146 Acta
962 1109 1053 1147 causa
1098 1131 1102 1136 -

147 1197 218 1254 hinc
239 1217 257 1252 a
279 1196 440 1274 Polyaeno,
454 1197 526 1253 inde
547 1217 565 1252 a
587 1195 709 1272 Magno.
753 1195 860 1253 Finitis
881 1197 1052 1253 actionibus

147 1301 256 1359 Caesar
280 1301 433 1360 ‘Neutra’
456 1306 565 1379 inquit,
595 1308 681 1378 ‘pars
709 1302 748 1360 de
776 1321 859 1358 mora
887 1309 1051 1379 queretur3

90 1467 92 1470 ,
147 1411 205 1465 erit
234 1408 309 1464 mihi
337 1427 426 1465 curae
455 1407 611 1483 explorare
639 1411 810 1483 provinciae
841 1408 1049 1466 voluntatem?

147 1515 281 1572 Multum
295 1519 418 1572 interim
432 1514 568 1571 Varenus
582 1514 662 1571 tulit.
692 1514 816 1571 Etenim
825 1534 915 1591 quam
923 1515 1050 1572 dubium

147 1630 203 1692 est,
228 1643 267 1678 an
289 1626 399 1679 merito
421 1629 588 1693 accusetur,
604 1626 656 1698 qui
676 1642 716 1677 an
737 1625 860 1678 omnino
881 1629 1048 1692 accusetur,

145 1732 296 1786 incertum
311 1729 374 1786 est!
417 1727 572 1803 Superest,
589 1748 627 1785 ne
649 1747 749 1785 rursus
772 1732 952 1803 provinciae,
967 1729 1048 1805 quod

145 1834 303 1892 damnasse
340 1833 460 1904 dicitur,
495 1834 624 1909 placeat,
660 1842 791 1911 agatque
829 1838 1049 1911 paenitentiam

145 1946 352 2018 paenitentiae
367 1961 446 2000 suae.
490 1941 573 1999 Vale.

574 2175 619 2232 XI

266 2335 297 2392 C.
321 2334 441 2392 Pururus
463 2335 583 2392 Fannio
609 2335 783 2392 Prosocero
809 2335 871 2394 Suo
893 2336 922 2394 S.

186 2497 328 2565 Mrnanrs,
343 2493 424 2572 quod
441 2495 571 2552 Hermes
591 2495 718 2554 libertus
739 2516 834 2568 meus,
849 2496 1047 2555 hereditarios

144 2623 240 2679 agros,
266 2622 340 2679 quos
363 2621 421 2677 ego
443 2606 587 2659 iusseram
612 2602 765 2678 proscribi,
788 2623 848 2659 non
872 2603 1048 2680 exspectata

144 2713 284 2767 auctione
299 2729 353 2785 pro
367 2728 436 2765 meo
451 2711 620 2784 quincunce
643 2727 680 2765 ex
702 2713 905 2785 septingentis
926 2710 1047 2768 milibus

145 2817 291 2874 Corelliae
308 2815 467 2872 addixerit.
512 2815 615 2872 Adicis
630 2835 717 2892 posse
732 2835 783 2872 eos
797 2821 962 2892 nongentis
973 2817 1048 2874 mili-

144 2926 200 2981 bus
221 2927 325 2981 venire
346 2942 381 2978 ac
404 2928 491 2979 tanto
512 2924 608 2996 magis
623 2925 751 2997 quaeriS,
774 2943 823 2992 an,
841 2923 922 3000 quod
941 2928 1047 2998 gessit,

144 3040 244 3088 ratum
267 3049 392 3086 servem.
438 3028 504 3104 Ego
530 3048 600 3085 vero
623 3049 727 3098 servo;
756 3031 864 3107 quibus
888 3050 925 3087 ex
951 3035 1045 3088 causis

502 3210 516 3232 ‘⁴
532 3201 580 3252 See
592 3202 637 3250 vii.
650 3203 674 3252 6.
