2334 3686
378 209 474 268 nin
496 175 678 270 nunnus
707 209 762 270 os
791 209 917 268 nnn

195 389 212 425 a
227 369 378 446 plerisque
393 371 620 446 proconsulibus
634 390 805 428 concessam
821 375 864 428 eis
875 374 1095 446 protopraxian,

195 496 323 553 eamque
351 497 405 552 pro
432 477 502 553 lege
530 477 665 534 valuisse.
724 477 871 535 Existimo
905 484 1009 533 tamen
1044 484 1096 532 tua

194 583 384 657 providentia
415 585 662 642 constituendum
689 585 802 663 aliquid
830 592 863 642 et
890 583 1095 653 sanciendum,

194 709 249 765 per
263 690 343 767 quod
358 691 540 749 utilitatibus
555 711 659 749 eorum
673 695 705 747 in
718 698 902 768 perpetuum
913 689 1094 747 consulatur.

194 797 282 868 Nam,
297 818 375 875 quae
389 807 460 856 sunt
474 801 512 856 ab
525 799 591 856 aliis
612 803 761 870 instituta,
776 803 837 856 sint
856 797 929 856 licet
943 802 1096 874 sapienter

192 905 321 978 indulta,
346 908 447 964 brevia
471 915 575 965 tamen
591 915 623 965 et
637 908 755 964 infirma
776 914 857 975 sunt,
880 910 936 962 nisi
962 905 1021 960 illis
1043 913 1095 962 tua

192 1018 351 1089 contingat
365 1019 534 1071 auctoritas

607 1171 678 1228 CIX

500 1303 655 1360 Turrinus
678 1301 782 1359 Ptruro

231 1434 301 1506 Quo
336 1439 400 1492 iure
434 1439 480 1492 uti
514 1434 648 1492 debeant
683 1433 834 1510 Bithynae
868 1433 916 1489 vel
949 1431 1092 1490 Ponticae

190 1547 328 1600 civitates
350 1547 382 1599 in
404 1547 439 1598 iis
461 1547 607 1619 pecuniiS,
630 1562 707 1620 quae
732 1561 770 1598 ex
793 1560 912 1619 quaque
935 1560 1023 1597 causa
1049 1545 1091 1596 rei

188 1649 327 1725 publicae
352 1649 555 1719 debebuntur,
581 1670 618 1706 ex
642 1649 712 1725 lege
735 1652 879 1725 cuiusque
903 1646 1091 1704 animadver-

189 1755 320 1813 tendum
344 1764 399 1814 est.
452 1756 541 1827 Nam,
568 1760 631 1812 sive
659 1755 775 1812 habent
802 1755 1002 1830 privilegium,
1030 1773 1091 1830 quo

188 1868 297 1920 ceteris
311 1863 510 1921 creditoribus
530 1870 765 1938 anteponantur,
786 1860 1018 1918 custodiendum
1034 1868 1091 1930 est,

187 1974 249 2026 sive
264 1991 325 2026 non
339 1969 464 2041 habent,
480 1975 512 2026 in
526 1974 664 2027 iniuriam
686 1974 869 2045 privatorum
885 1967 914 2024 id
929 1967 994 2024 dari
1008 1988 1026 2023 a
1042 1989 1091 2024 me

188 2096 248 2133 non
263 2079 423 2152 oportebit.

610 2303 663 2359 CX

363 2443 394 2500 C.
419 2442 538 2500 Ptrurus
560 2443 697 2500 Tanrnuo
720 2444 905 2500 Iurannronr
1003 2495 1005 2499 ,

226 2583 365 2653 Ecnrcus‚
398 2583 530 2654 domine,
563 2587 774 2641 Amisenorum
802 2587 932 2641 civitatis
960 2585 1092 2659 petebat

183 2701 264 2776 apud
286 2721 335 2756 me
350 2722 367 2756 a
383 2701 461 2758 Iulio
476 2702 583 2760 Pisone
598 2703 788 2758 denariorum
803 2706 922 2759 circiter
945 2721 983 2758 xn
1005 2703 1092 2758 milia
1139 2763 1140 2774 γ

183 2819 294 2876 donata
319 2825 347 2876 ei
382 2821 501 2896 publice
524 2830 595 2879 ante
619 2841 657 2878 xx
680 2841 774 2878 annos
803 2821 871 2878 bule
897 2828 930 2878 et
959 2820 1092 2880 ecclesia
