2352 3802
372 393 461 450 THE
490 393 674 452 LniTERS
703 393 758 451 OF
784 393 911 450 PLINY

190 550 386 608 desiderant:
429 570 487 627 ego
525 558 630 608 tamen
671 555 836 608 aestimans
877 570 988 608 novum
1031 551 1093 608 fleri

190 656 332 714 debere.
356 701 363 714 .
388 702 396 717 .
419 701 425 713 .
450 657 560 714 videris
587 658 662 714 mihi
691 657 843 715 desiderio
866 678 971 716 eorum
995 657 1094 715 indul-

190 781 263 839 gere
285 782 379 840 posse.
424 763 491 821 Erit
505 767 586 820 enim
602 767 741 840 pecunia,
755 784 792 822 ex
807 784 866 841 qua
881 764 943 835 fiat,
964 767 1094 840 primum

191 887 237 938 ea,
261 887 350 945 quam
376 889 516 927 revocare
530 891 548 926 a
564 874 688 946 privatis
712 879 746 929 et
770 875 892 947 exigere
914 875 974 928 iam
999 875 1095 947 coepi,

191 974 303 1031 deinde
332 995 421 1052 quam
449 980 506 1052 ipsi
534 996 659 1052 erogare
694 982 726 1034 in
760 978 861 1036 oleum
890 977 971 1036 soliti
999 983 1096 1054 parati

151 1055 155 1066 ⁵
191 1088 263 1137 sunt
278 1085 309 1136 in
324 1101 398 1157 opus
409 1081 521 1140 balinei
532 1083 684 1152 conferre3
705 1083 786 1161 quod
796 1084 908 1162 alioqui
919 1093 952 1143 et
962 1084 1096 1160 dignitas

192 1190 322 1244 civitatis
337 1194 369 1244 et
384 1187 495 1244 saeculi
510 1193 555 1246 tui
569 1193 651 1247 nitor
665 1188 806 1266 postulat.

591 1397 694 1455 XXIV

502 1527 657 1586 Tauranus
680 1527 785 1587 ano

234 1658 266 1716 Si
289 1663 448 1718 instructio
462 1664 533 1717 novi
546 1661 658 1719 balinei
679 1669 839 1720 oneratura
863 1666 942 1720 vires
968 1663 1098 1722 Prusen-

192 1769 269 1823 sium
292 1786 353 1823 non
375 1774 431 1836 est,
453 1786 610 1843 possumus
630 1758 781 1825 desiderio
802 1788 907 1825 corum
926 1770 1099 1846 indulgere,

192 1872 283 1930 modo
297 1892 337 1929 ne
352 1872 425 1950 quid
441 1872 511 1930 ideo
525 1881 578 1930 aut
592 1875 786 1946 intribuatur,
802 1879 969 1933 autminus
984 1876 1045 1934 illis
1067 1882 1098 1934 in

193 1986 346 2056 posterum
362 1979 414 2036 fiat
428 1980 466 2037 ad
481 1985 664 2039 necessarias
679 1986 878 2058 erogationes

597 2188 685 2245 XXV

371 2319 403 2378 C.
428 2320 548 2377 Pinnos
568 2319 707 2377 Tnmuo
728 2320 915 2380 Iucrnnronr

234 2451 390 2509 Sunvinus
431 2453 552 2511 Punicus
591 2453 721 2528 legatus,
760 2451 894 2524 domine,
934 2471 985 2509 vm
1030 2453 1098 2511 Kal.

194 2557 380 2617 Decembres
415 2559 624 2617 Nicomediam
659 2563 745 2617 venit
772 2578 882 2637 meque
910 2558 1020 2636 longae
1050 2581 1101 2618 cx-

192 2670 389 2741 spectationis
403 2666 607 2724 sollicitudine
621 2666 769 2725 liberavit.

591 2874 694 2933 XXVI

371 2998 401 3056 C.
427 2998 548 3056 Punuus
569 2998 707 3056 Taurino
729 2998 916 3078 lucrum-om

236 3123 393 3182 Rosmnun
429 3124 590 3196 Gnurnun,
624 3123 757 3195 domine,
792 3127 941 3181 artissimo
977 3122 1101 3180 viuculo

193 3242 313 3281 mecum
327 3232 381 3281 tua
395 3225 428 3280 in
442 3244 492 3281 me
513 3223 660 3281 beneficia
677 3227 850 3281 iunxerunt.
895 3221 1000 3280 Habui
1014 3227 1100 3281 enim

194 3330 253 3402 306
