2438 3790
392 361 481 418 THE
510 359 693 418 LETTERS
722 359 777 417 OF
806 359 933 416 PLINY

251 522 354 597 Atque
375 520 452 578 adeo
475 523 620 596 permitte
643 517 718 574 mihi
740 521 782 574 sic
804 516 885 592 apud
907 524 939 572 te
961 493 1119 592 tamquam
1215 553 1216 576 r

210 629 262 698 ibi,
277 631 319 684 sic
333 634 456 702 peracta
474 646 506 682 re
527 633 683 704 tamquam
703 628 802 685 adhuc
824 633 945 705 integra
966 633 1119 686 rationem

211 733 313 790 iudicii
341 736 401 790 mei
430 732 569 803 reddere,
591 753 729 811 quaeque
757 743 832 792 tune
860 740 988 812 carptim
1012 736 1119 794 multis
1215 737 1216 772 i

211 840 457 915 obstrepentibus
478 838 550 909 dixi,
572 859 627 916 per
652 845 748 898 otium
772 846 908 920 iungere.
954 843 1118 919 Fingamus
1215 855 1216 860 ’

210 960 273 1009 tres
301 955 423 1008 omnino
451 950 565 1008 iudices
594 955 625 1007 in
653 951 731 1008 hanc
767 973 886 1010 causam
920 952 1008 1010 datos
1039 971 1117 1022 esse,

211 1058 318 1115 horum
341 1061 393 1114 uni
416 1057 563 1134 placuisse
586 1062 685 1134 perire
708 1059 843 1130 libertos,
866 1059 954 1116 alteri
977 1058 1118 1135 relegari,

211 1170 304 1223 tertio
338 1165 470 1233 absolvi3
505 1173 649 1224 utrumne
683 1171 855 1224 sententiae
891 1166 968 1224 duae
1000 1166 1118 1224 collatis

211 1274 322 1330 viribus
357 1277 549 1330 novissimam
583 1277 745 1350 periment,
772 1294 811 1329 an
846 1277 1009 1350 separatim
1043 1293 1119 1330 una-

211 1399 349 1458 quaeque
384 1377 567 1436 tantundem
594 1387 742 1457 quantum
776 1379 872 1436 altera
900 1378 1023 1450 valebit,
1058 1400 1117 1437 nec

211 1493 307 1565 magis
338 1492 452 1564 poterit
479 1508 549 1545 cum
577 1487 710 1545 secunda
737 1492 834 1564 prima
865 1491 994 1558 conecti,
1026 1508 1118 1564 quam

212 1594 344 1652 secunda
379 1615 448 1652 cum
482 1597 595 1654 tertia?
654 1595 752 1671 Igitur
786 1599 818 1652 in
853 1602 960 1652 senatu
996 1613 1117 1672 quoque

212 1706 363 1758 numerari
377 1710 532 1779 tamquam
546 1706 713 1758 contrariae
727 1701 853 1772 debent,
868 1721 945 1778 quae
962 1709 1118 1778 tamquam

211 1809 347 1867 diversae
379 1808 530 1867 dicuntur.
587 1808 703 1880 Quodsi
737 1829 815 1866 unus
846 1817 939 1886 atque
974 1809 1056 1866 idem
1084 1816 1119 1865 et

212 1916 383 1992 perdendos
405 1925 544 1974 censeret
565 1924 597 1973 et
616 1916 806 1992 relegandos,
822 1936 896 1973 num
911 1936 949 1972 ex
963 1919 1119 1972 sententia

213 2019 301 2072 unius
324 2024 356 2077 et
378 2019 476 2091 perire
498 2023 623 2091 possent
648 2023 680 2072 et
703 2014 854 2091 relegari?
882 2034 957 2071 num
984 2013 1118 2090 denique

213 2118 336 2170 omnino
358 2134 418 2170 una
439 2117 593 2170 sententia
617 2121 788 2188 putaretur,
811 2133 888 2190 quae
911 2120 974 2169 tam
999 2113 1119 2168 diversa

213 2212 433 2287 coniungeret?
483 2209 584 2282 Quem
606 2211 645 2267 ad
669 2211 793 2268 modum
817 2215 920 2287 igitur,
942 2230 1011 2266 curn
1038 2209 1119 2267 alter

214 2304 392 2385 puniendos,
406 2308 484 2365 alter
497 2316 621 2366 censeat
635 2308 824 2385 relegandos,
834 2307 929 2365 videri
941 2314 1043 2383 potest
1057 2326 1119 2362 una

214 2411 375 2477 sententia,
391 2411 460 2483 quia
473 2407 585 2464 dicitur
603 2427 621 2462 a
642 2387 769 2477 duobuS,
785 2427 862 2483 quae
884 2427 946 2462 non
961 2404 1118 2461 videretur

214 2525 284 2575 una,
299 2508 323 2561 si
336 2506 374 2562 ab
389 2525 449 2562 uno
463 2504 640 2562 diceretur?

256 2602 359 2673 Quid?
400 2603 451 2659 lex
485 2623 547 2659 non
588 2611 694 2679 aperte
737 2603 827 2660 docet
862 2602 961 2659 dirimi
1003 2600 1118 2658 debere

215 2705 382 2758 sententias
416 2700 581 2758 occidentis
617 2709 649 2758 et
676 2701 851 2778 relegantiS,
882 2721 952 2757 cum
979 2704 1022 2756 ita
1056 2699 1119 2756 dis-

216 2802 381 2857 cessionem
409 2798 473 2856 fieri
496 2799 600 2856 iubet:
632 2798 711 2870 ‘Qui
735 2798 810 2856 haec
833 2802 963 2868 sentitis,
985 2801 1017 2854 in
1038 2797 1119 2854 hanc

216 2904 344 2973 partem,
359 2901 410 2973 qui
424 2897 481 2952 alia
496 2901 606 2967 omnia,
620 2897 748 2953 inillam
769 2905 887 2973 partem
907 2901 961 2967 ite,
976 2916 1036 2972 qua
1049 2914 1119 2952 sen-

215 2995 319 3053 titis'?
376 2995 521 3052 Examina
543 2995 662 3072 singula
682 2997 774 3053 verba
796 3004 829 3053 et
851 2995 1008 3072 expende:
1039 2992 1120 3064 ‘Qui

218 3094 291 3150 haec
314 3094 452 3163 sentitis,'
475 3094 532 3150 hoc
557 3101 604 3150 est
632 3098 685 3170 qui
710 3094 890 3170 relegandos
918 3096 1042 3169 putatia,
1065 3097 1116 3150 ‘in

217 3190 295 3248 hauc
328 3193 464 3268 partem,'
494 3191 525 3248 id
554 3199 601 3249 est
628 3196 661 3248 in
689 3213 765 3263 eam,
794 3196 825 3248 in
853 3212 913 3271 qua
941 3190 1038 3262 sedet,
1067 3195 1121 3271 qui

222 3317 277 3374 134
