2352 3802
342 383 431 440 THE
460 382 643 443 LETTERS
673 386 727 444 OF
758 386 886 444 PLINY

159 540 250 598 modo
265 561 473 599 consummare
494 561 595 617 opera,
609 550 645 599 ut
666 543 807 600 inchoata
828 552 909 616 sunt,
923 565 973 614 an,
987 564 1067 622 quae

159 664 301 721 videntur
325 665 526 736 emendanda,
554 670 714 742 corrigere,
743 686 820 744 quae
841 667 1067 740 transferenda,

157 787 332 858 transferre,
346 809 395 859 ne,
410 789 482 846 dum
498 809 616 848 servare
630 791 777 864 volumus,
791 792 872 870 quod
892 797 1066 869 impensum

158 918 216 983 est,
228 911 308 970 male
322 913 543 989 impendamus,
556 916 637 993 quod
655 916 830 975 addendum
844 926 899 976 est

580 1148 638 1205 XL

470 1303 625 1362 Thamnus
648 1305 752 1363 Panno

199 1459 282 1531 Quin
296 1469 435 1537 oporteat
449 1460 514 1519 fieri
525 1466 602 1519 circa
616 1462 780 1535 theatrum,
795 1464 877 1541 quod
887 1464 1065 1522 inchoatum

156 1574 238 1650 apud
250 1575 433 1634 Nicaeenses
442 1585 499 1648 est,
510 1581 583 1634 inre
594 1581 748 1654 praesenti
758 1582 872 1654 optime
881 1578 1065 1636 deliberabis

157 1701 189 1751 et
204 1699 378 1752 constitues.
424 1694 502 1751 Mihi
523 1695 650 1752 sufficiet
671 1694 806 1764 indicari,
821 1699 869 1752 cui
890 1699 1064 1752 sententiae

155 1812 324 1867 accesseris
367 1809 453 1868 Tunc
477 1818 581 1868 autem
601 1831 619 1866 a
641 1814 764 1886 privatis
789 1813 869 1886 exigi
891 1829 983 1886 opera
1005 1810 1065 1866 tibi

155 1942 245 1981 curae
260 1927 309 1995 sit,
324 1943 393 1980 curn
414 1923 579 1995 theatrum,
594 1933 719 2001 propter
740 1924 821 2002 quod
844 1924 897 1981 illa
917 1928 1065 2000 promissa

155 2047 237 2110 sunt,
262 2039 377 2098 factum
405 2044 472 2098 erit.
518 2040 690 2118 Gymnasiis
712 2039 875 2117 indulgent
899 2039 1063 2107 Graeculi;

155 2155 225 2212 ideo
239 2155 365 2213 forsitan
381 2157 565 2214 Nicaeenses
573 2159 685 2212 maiore
694 2160 794 2212 animo
803 2158 1062 2212 constructionem

88 2263 95 2272 ’
155 2274 220 2327 eius
233 2275 367 2348 aggressi
378 2279 458 2330 sunt.
482 2270 542 2328 Sed
557 2278 679 2347 oportet
687 2269 754 2328 illos
768 2290 804 2328 eo
813 2277 972 2328 contentos
983 2288 1061 2340 esse,

155 2386 236 2462 quod
250 2390 345 2464 possit
359 2387 418 2444 illis
432 2387 575 2444 sufficere.

196 2500 277 2572 Quid
293 2501 561 2578 Claudiopolitanis
576 2505 654 2558 circa
673 2500 836 2598 balineum,
852 2501 933 2578 quod
942 2521 1061 2576 parum,

155 2618 190 2669 ut
210 2613 323 2683 scribis,
343 2612 455 2670 idoneo
475 2612 541 2669 loeo
562 2611 791 2682 inchoaverunt,
805 2610 994 2668 suadendum
1009 2616 1060 2685 sit,

153 2730 188 2780 tu
217 2727 390 2780 constitues.
435 2721 605 2780 Architecti
627 2724 685 2780 tibi
711 2723 818 2780 deesse
838 2741 900 2779 non
921 2730 1058 2797 possunt.

154 2831 246 2890 Nulla
261 2837 413 2909 provincia
434 2841 491 2904 est,
506 2853 583 2910 quae
609 2852 670 2889 non
694 2836 808 2908 peritos
830 2840 863 2889 et
885 2835 1060 2907 ingeniosos

153 2941 291 3000 homines
305 2943 437 3012 habeat;
457 2943 548 3000 modo
562 2963 602 3000 ne
624 2947 778 3000 existimes
799 2943 917 2999 brevius
932 2961 998 2999 esse
1019 2945 1060 3001 ab

152 3054 228 3111 urbe
242 3058 333 3125 mitti,
348 3074 417 3112 cum
432 3074 470 3112 ex
485 3054 612 3112 Graecia
623 3057 714 3111 etiam
730 3053 768 3110 ad
783 3072 837 3110 nos
858 3057 961 3110 venire
975 3052 1059 3111 soliti

152 3170 231 3220 sunt.

154 3316 212 3392 328
