2438 3790
393 362 482 420 THE
511 358 695 420 LETTERS
724 363 778 421 OF
808 363 934 420 PLINY

211 519 310 576 ditum
343 528 426 577 meat
459 540 494 576 ac
523 525 547 577 si
578 520 662 597 quid,
694 528 858 597 antequam
887 519 1126 591 subduceretur,
1185 556 1186 571 .

211 629 339 702 accepit,
355 634 455 683 servat
470 633 502 683 et
517 623 640 701 profert.

254 731 341 789 Haec
369 733 426 789 tibi
454 735 568 808 scripsi,
585 736 655 808 quia
683 753 740 790 nec
771 736 871 790 minus
895 737 1001 808 ignota
1028 751 1127 809 quam
1183 730 1185 789 !

212 837 287 894 mihi
310 857 367 895 nec
392 842 492 895 minus
513 846 600 914 grata
619 839 788 896 credebam.
832 839 911 895 Nam
933 847 966 896 te
987 859 1127 916 quoque,
1183 828 1185 837 ¹

213 951 248 1001 ut
275 963 336 1014 mc,
364 944 441 1000 nihil
470 963 567 1022 aeque
595 965 630 1002 ac
665 954 791 1003 naturae
826 927 918 1022 opera
952 945 1125 1004 delectant.
1182 1018 1185 1027 Ι

214 1049 297 1107 Vale.

631 1335 705 1391 XXI

425 1483 456 1540 C.
483 1483 604 1540 Pnuuus
627 1483 770 1540 Aunmuo
792 1483 853 1541 Suo
876 1483 905 1541 S.

259 1631 308 1689 Ur
329 1635 361 1688 in
389 1636 451 1688 vita
472 1636 514 1689 sic
542 1618 575 1688 in
603 1632 711 1689 studiis
738 1633 976 1709 pulcherrimum
1005 1641 1038 1691 et
1067 1633 1126 1690 hu-

215 1743 422 1796 manissimum
466 1744 594 1797 aestimo
639 1743 833 1798 severitatem
883 1745 1125 1819 comitatemque
1185 1786 1187 1818 ,

216 1849 354 1916 miscere,
380 1865 419 1902 ne
443 1845 494 1902 illa
518 1850 551 1902 in
573 1849 738 1917 tristitiam,
766 1845 841 1904 haec
866 1849 898 1903 in
920 1847 1127 1922 petulantiam
1186 1829 1187 1858 r

215 1952 352 2011 excedat.
397 1951 466 2024 Qua
480 1957 598 2010 ratione
618 1953 728 2010 ductus
747 1957 883 2030 graviora
902 1973 994 2029 opera
1007 1955 1126 2012 lusibus

214 2064 347 2136 iocisque
370 2059 534 2135 distinguo.
578 2059 627 2116 Ad
652 2059 706 2116 hos
725 2059 923 2135 proferendos
946 2067 978 2117 et
1000 2067 1126 2136 tempus

215 2173 248 2224 et
268 2166 369 2223 locum
394 2171 681 2243 opportunissimum
711 2167 800 2242 elegi,
829 2174 924 2244 utque
953 2172 1012 2224 iam
1041 2187 1126 2223 nunc

215 2273 431 2330 adsuescerent
447 2281 479 2330 et
492 2274 531 2330 ab
547 2276 649 2329 otiosis
665 2281 696 2330 et
711 2275 743 2329 in
764 2273 896 2330 triclinio
914 2272 1021 2343 audiri,
1044 2272 1126 2329 Iulio

215 2399 331 2450 mense,
344 2400 404 2457 quo
418 2383 550 2436 maxime
565 2379 635 2436 lites
650 2383 902 2456 interquiescunt‚
925 2383 1031 2454 positis
1049 2387 1125 2436 aute

215 2485 311 2543 lectos
326 2485 478 2542 cathedris
492 2489 603 2542 amicos
618 2484 768 2542 collocavi.

258 2583 347 2642 Forte
370 2583 490 2652 accidit,
519 2591 554 2640 ut
579 2603 616 2640 eo
641 2582 690 2640 die
720 2603 808 2640 mane
833 2587 865 2640 in
893 2583 1125 2640 advocationem

216 2683 346 2740 subitam
382 2701 513 2758 rogarer,
542 2681 623 2759 quod
652 2681 727 2738 mihi
756 2701 875 2748 causam
904 2680 1125 2758 praeloquendi

215 2780 311 2837 dedit.
341 2779 414 2837 Sum
424 2784 505 2836 enim
521 2779 711 2854 deprecatus,
721 2800 761 2837 ne
773 2783 840 2856 quis
855 2788 890 2836 ut
904 2782 1126 2837 irreverentem

216 2881 315 2955 operis
343 2885 495 2954 argueret,
532 2876 614 2955 quod
651 2881 842 2948 recitaturus,
878 2895 1061 2954 quamquam
1093 2885 1127 2934 et

216 2980 319 3033 amicis
335 2985 367 3034 et
381 2980 494 3053 paucis,
509 2974 592 3031 idem
606 2979 718 3033 iterum
738 2979 851 3045 amicis,
865 2974 931 3030 foro
945 2981 978 3031 ct
991 2979 1126 3050 negotiis

249 3148 262 3170 ⁶
279 3139 446 3204 Apparently
465 3139 526 3188 that
538 3139 584 3188 the
603 3145 694 3204 guests
713 3139 799 3203 might
819 3139 859 3201 jot
879 3137 958 3186 down
978 3143 1128 3188 commenta

216 3205 314 3270 during
325 3205 371 3254 the
383 3204 500 3268 reading.

221 3299 276 3372 158
