2354 3802
335 381 424 441 THE
452 379 635 450 LETTERS
665 383 718 442 OF
749 379 873 440 PLlNY

153 540 292 596 adicere’
342 541 419 598 Tum
435 562 501 617 eg0,
516 563 585 598 cum
606 562 711 600 omnes
732 562 781 598 me
801 549 836 597 ut
860 540 911 596 diu
935 559 1060 614 respon-

154 669 256 704 surum
270 653 473 720 intuerentur,
485 650 752 725 ‘Respondissenr,’
769 655 901 724 inquam,
912 651 949 703 ‘si
963 666 1059 703 unum

155 755 230 811 illud
245 758 384 813 versum¹
400 757 561 813 Africanus
575 756 744 826 adiecisset,
755 761 786 811 in
801 776 860 832 quo
875 775 937 811 non
951 754 1060 811 dubito

155 866 255 918 omnia
283 883 360 919 nova
381 862 491 920 fuisse’
538 863 606 918 Non
628 862 717 918 facile
738 882 788 918 me
811 868 918 936 repeto
938 868 1060 918 tantum

155 976 351 1026 consecutum
375 968 535 1028 adsensum
567 969 687 1044 agendo
721 977 868 1046 quantum
897 976 971 1025 tunc
998 987 1061 1024 non

155 1075 283 1150 agendo

197 1182 343 1240 Similiter
355 1203 437 1240 nunc
452 1191 484 1240 et
498 1184 658 1259 probatum
674 1192 706 1242 et
728 1191 891 1260 exceptum
907 1191 963 1253 est,
979 1182 1060 1259 quod

156 1309 210 1364 pro
219 1289 338 1346 Vareno
352 1289 656 1349 hactenus<tantum
665 1290 774 1350 >2n0n
785 1293 874 1347 tacui.
906 1288 1062 1358 Consules

158 1401 192 1451 ut
227 1394 395 1472 Polyaenus
430 1395 613 1471 postulabat,
641 1399 741 1451 omnia
776 1399 895 1470 integra
930 1399 1060 1470 principi

157 1509 369 1568 servaverunt3
390 1505 474 1557 cuius
496 1505 701 1580 cognitionem
723 1521 885 1577 suspensus
907 1508 1059 1576 exspecto.

158 1606 236 1663 Nam
257 1607 322 1664 dies
343 1607 395 1664 ille
417 1609 503 1665 nobis
526 1628 580 1684 pro
603 1609 722 1665 Vareno
743 1617 797 1665 aut
818 1613 1014 1665 securitatem
1029 1616 1063 1665 et

157 1717 253 1770 otium
267 1714 353 1771 dabit
366 1722 420 1771 aut
434 1719 639 1772 intermissum
654 1715 788 1772 laborem
798 1723 942 1772 renovata
954 1714 1063 1770 sollici-

157 1819 264 1877 tudine
279 1824 427 1896 iniungat.
471 1821 554 1880 Vale.

582 2028 642 2084 VII

348 2156 378 2214 C.
408 2157 529 2214 Pmurus
554 2159 731 2216 Saruamuo
758 2159 820 2216 Suo
843 2159 872 2216 S.

200 2287 246 2344 Er
283 2293 417 2364 proxime
447 2288 547 2346 Prisco
575 2296 678 2346 nostro
706 2298 739 2346 et
767 2309 877 2360 rursuS,
907 2293 977 2366 quia
1017 2293 1061 2346 ita

159 2390 279 2458 iussisti,
295 2391 406 2463 gratias
429 2392 488 2464 egi,
503 2388 702 2446 libentissime
726 2389 858 2466 quidem.
903 2388 958 2445 Est
981 2393 1064 2445 enim

158 2486 233 2543 mihi
260 2486 491 2562 periucundum,
516 2487 597 2564 quod
621 2491 676 2543 viri
699 2491 806 2564 optimi
834 2487 969 2563 mihique
992 2491 1065 2543 ami-

159 2587 269 2641 cissimi
303 2585 380 2641 adeo
408 2585 592 2656 cohaesistis,
627 2594 662 2643 ut
696 2589 826 2642 invicem
854 2605 905 2642 vos
939 2585 1067 2660 obligari

159 2685 282 2758 putetis
320 2682 398 2737 Nam
413 2681 464 2738 ilie
476 2702 596 2759 quoque
611 2686 802 2758 praecipuam
824 2701 855 2738 se
877 2680 1067 2758 voluptatem

160 2799 197 2837 ex
225 2783 357 2836 amicitia
384 2788 438 2837 tua
460 2800 569 2856 capere
590 2780 750 2856 profitetur
777 2787 934 2855 certatque
963 2787 1067 2836 tecum

160 2878 370 2934 honestissimo
384 2883 549 2934 certamine
563 2863 686 2934 mutuae
701 2881 843 2948 caritatis
858 2897 947 2953 quam
969 2881 1068 2952 ipsum

159 2984 281 3052 tempus
294 2976 426 3052 augebit.

195 3092 204 3122 1
222 3108 327 3140 versum
339 3093 420 3154 Dpa,
435 3092 543 3152 Miller,
558 3091 666 3140 verbum
678 3093 712 3141 M
714 3109 737 3152 r,
751 3092 858 3154 Bipom,
873 3091 907 3140 K.

192 3156 325 3207 ²tantum
348 3173 400 3206 non
423 3157 522 3220 Stanyt
544 3159 671 3206 hactonus
694 3159 766 3208 tacui
784 3157 937 3217 Sithonios,
961 3157 985 3206 11.
1013 3173 1065 3206 non

161 3224 233 3272 tacui
251 3223 322 3272 codd.
339 3229 361 3272 et
373 3223 430 3272 edd.
449 3225 517 3286 (cum
530 3239 601 3273 araca
613 3224 729 3284 Mulier).
750 3261 753 3268 .

165 3317 199 3372 18
