2334 3686
341 247 430 305 THE
459 247 643 307 LETTERS
672 247 727 306 OF
757 247 883 305 PLINY

159 406 344 463 solemnibus
362 409 467 476 causis,
483 404 694 474 concedendas
713 408 825 462 iussisti
845 403 1067 475 invitationeS,¹

159 517 202 570 ita
222 531 336 582 vereor,
351 532 391 568 ne
413 516 443 582 ii,
458 515 510 589 qui
531 511 615 568 mille
636 510 784 582 homines5
799 511 955 569 interdum
970 515 1068 568 etiam

160 619 261 694 plures
296 626 415 687 vocant,
450 617 575 674 modum
609 617 759 676 excedere
794 625 827 675 et
861 622 893 674 in
932 621 1069 693 speciem

158 726 314 784 dianomes
335 725 470 783 incidere
492 724 659 782 videantur.

556 994 671 1052 CXVII

471 1127 625 1184 Thamnus
648 1126 752 1186 Pmmo

200 1271 323 1326 Maarro
346 1275 467 1340 vereris,
490 1290 530 1327 ne
551 1275 583 1326 in
606 1274 740 1346 speciem
763 1270 918 1328 dianomes
947 1272 1066 1330 incidat

158 1373 306 1439 invitatio,
335 1389 412 1446 quae
442 1379 474 1427 et
502 1374 533 1426 in
564 1389 691 1427 numero
726 1369 851 1427 modum
879 1369 1001 1427 excedit
1031 1379 1066 1428 et

157 1472 242 1544 quasi
263 1487 318 1543 per
339 1487 472 1543 corpora,
488 1487 549 1524 non
568 1471 681 1524 vin'tim
700 1467 835 1543 singulos
849 1487 886 1524 ex
901 1471 1011 1525 notitia
1026 1469 1067 1526 ad

157 1563 307 1621 solemnes
336 1564 485 1640 sportulas
513 1565 675 1623 contrahit.
719 1565 780 1622 Sed
808 1585 866 1641 ego
897 1565 965 1622 ideo
993 1585 1067 1640 pru-

70 1699 71 1704 =
157 1663 293 1720 dentiam
316 1672 401 1720 tuam
425 1664 516 1740 elegi,
537 1673 573 1721 ut
593 1663 758 1721 formandis
781 1668 867 1721 istius
891 1668 1065 1740 provinciae

156 1763 288 1819 moribus
310 1767 375 1839 ipse
397 1762 594 1819 moderareris
614 1770 647 1819 et
669 1782 705 1819 ea
725 1765 901 1832 constituas
924 1780 1001 1839 quae
1024 1764 1066 1820 ad

93 1933 103 1954 ,
156 1869 336 1937 perpetuam
351 1864 416 1917 eius
429 1864 601 1936 provinciae
616 1864 752 1937 quietem
768 1850 870 1917 essent
885 1859 1055 1936 profutura.

541 2083 673 2142 CXVIII

339 2216 370 2272 C.
395 2216 516 2274 Parmos
536 2215 675 2272 Taamno
698 2214 886 2273 laranaroar

197 2350 372 2419 Araanraa,
400 2348 533 2417 domine,
562 2367 607 2418 ea,
633 2367 710 2424 quae
737 2341 794 2423 ¹pro
818 2346 974 2404 iselasticis
998 2368 1068 2406 cer-

156 2457 319 2514 tamInibus
342 2459 535 2525 constituisti,
560 2453 666 2512 deberi
688 2455 745 2511 sibi
765 2462 876 2530 putant
898 2458 1002 2511 statim
1025 2475 1067 2513 ex

189 2593 395 2644 ¹concedendas
418 2593 519 2642 iussisti
543 2593 716 2642 invitati0nes
740 2593 846 2656 Hordy,
867 2591 1068 2643 concedendum

156 2661 257 2736 iussisti
270 2661 300 2736 ‚B’
317 2661 447 2776 ἒπιιέῗραε,
462 2658 657 2708 concedendum
673 2659 738 2708 inssi
750 2658 827 2707 invit.
842 2675 867 2717 a,
882 2657 1069 2710 concedendas

156 2731 301 2775 essemvrt.
341 2741 367 2773 re
388 2742 405 2773 a.

188 2850 201 2872 ⁰
217 2841 336 2890 dloaome
350 2840 405 2903 (Gr.
421 2839 530 2900 διανομὴ,
547 2839 747 2888 “distribution
756 2839 781 2899 ”)
798 2839 860 2887 here
878 2854 967 2887 means
982 2843 1000 2865 “
1011 2839 1067 2890 dis-

156 2906 287 2956 tribution
299 2906 327 2955 oi
337 2904 452 2965 bribes,”
465 2904 529 2954 suoh
541 2920 571 2954 as
580 2921 633 2954 was
646 2904 722 2954 made
734 2904 769 2968 by
778 2903 933 2953 candidatos
946 2904 1067 2970 through

156 2973 339 3086 thlllsldlaldllsc
348 3037 404 3095 (Gr.
418 3035 600 3094 εἰσελαστικός,
617 3038 633 3059 “
643 3033 670 3082 oI
681 3039 758 3099 entry
769 3034 794 3094 ”l
806 3050 895 3098 gamos
904 3050 973 3082 were
986 3035 1068 3085 those

155 3101 242 3149 which
254 3100 368 3150 entitled
387 3101 434 3151 the
447 3100 545 3150 victora
561 3105 590 3148 to
609 3100 686 3150 make
705 3117 720 3148 a
740 3099 887 3163 triumphal
905 3104 985 3164 entry
1004 3102 1068 3153 into

156 3194 215 3264 426
