2354 3802
337 377 425 436 THE
454 377 637 436 LETTERS
666 377 721 437 OF
751 376 878 434 PLINY

155 537 265 595 dicturi
286 537 399 614 aliquid
421 546 474 595 aut
494 537 603 594 lecturi
624 542 777 607 timemus,
798 539 848 612 qui
877 535 977 592 studia
1004 555 1060 593 sua

155 633 314 712 proferunt
326 655 333 703 ;
355 656 422 692 cuni
438 634 492 706 illi,
506 640 557 712 qui
567 643 681 705 tacent,
689 634 747 690 hoc
758 633 885 710 amplius
894 641 1066 709 praestent,

147 733 236 810 ¹quod
250 738 414 790 maximum
437 753 512 810 opus
534 733 655 790 silentio
680 740 864 790 reverentur.
910 731 1065 807 Expertus

118 885 121 891 .
156 833 262 903 scribo,
277 833 357 911 quod
373 835 477 890 scribo.

195 931 357 987 Terentius
373 928 476 988 Iunior
500 910 690 1008 equestribus
712 930 828 987 militiis
853 937 945 1006 atque
968 933 1064 986 etiam

155 1033 365 1104 procuratione
410 1029 614 1086 Narbonensis
655 1032 826 1104 provinciae
865 1031 1065 1102 integerrime

155 1125 277 1183 functus
292 1131 408 1203 recepit
422 1147 454 1184 se
469 1131 501 1183 in
522 1146 609 1203 agros
623 1145 691 1183 suos
706 1130 877 1202 paratisque
899 1124 1066 1182 honoribus

155 1225 435 1302 tranquillissimum
444 1230 539 1284 otium
551 1225 703 1301 praetulit.
748 1225 841 1282 Hunc
852 1243 910 1300 ego
918 1227 1066 1281 invitatus

156 1322 287 1399 hospitio
315 1331 350 1382 ut
377 1324 490 1381 bonum
518 1332 637 1399 patrem
660 1323 801 1394 familiae,
823 1329 859 1380 ut
880 1321 1065 1398 diligentem

155 1421 316 1496 agricolam
329 1423 471 1479 intuebar
489 1420 528 1479 de
550 1420 596 1477 his
620 1420 784 1492 locuturus,
799 1425 830 1478 in
854 1421 962 1498 quibus
976 1420 1064 1478 illum

156 1524 266 1576 versari
280 1521 443 1596 putabam;
465 1527 497 1576 et
511 1539 680 1595 coeperam,
690 1537 759 1576 cum
767 1519 819 1576 ille
828 1539 878 1576 me
887 1519 1065 1576 doctissimo

156 1633 294 1670 sermone
323 1617 473 1670 revocavit
500 1612 539 1669 ad
568 1612 675 1671 studia.
720 1612 819 1684 Quam
847 1621 925 1671 tersa
952 1617 1065 1684 omnia,

156 1725 245 1782 quam
270 1705 387 1777 Latina,
402 1726 492 1784 quam
515 1706 648 1765 Graeca!
691 1707 770 1763 Nam
792 1715 913 1766 tantum
934 1714 1065 1784 utraque

156 1799 260 1876 lingua
274 1800 364 1871 valet,
379 1809 414 1859 ut
429 1821 464 1858 ea
478 1805 574 1878 magis
596 1801 734 1859 videatur
749 1800 909 1873 excellere,
919 1820 979 1878 qua
994 1821 1065 1857 cum

156 1898 286 1951 maxime
297 1894 438 1972 loquitur.
473 1895 630 1968 Quantum
639 1895 691 1953 ille
700 1894 785 1972 legit,
798 1904 946 1973 quantum
955 1895 1063 1952 tenet!

157 1988 288 2046 Athenis
302 1993 402 2047 vivere
418 1989 583 2060 hominem,
595 2009 657 2046 non
671 1993 703 2045 in
717 1989 787 2046 villa
801 1997 899 2065 putes.

198 2082 279 2154 Quid
294 2082 410 2141 multa?
431 2087 516 2141 auxit
530 2082 764 2141 sollicitudinem
778 2103 878 2140 meam
892 2082 1064 2160 effecitque,

157 2183 192 2233 nt
206 2175 274 2248 illis,
289 2196 363 2254 quos
376 2176 565 2234 doctissimos
580 2181 660 2247 novi,
669 2195 730 2232 non
744 2179 845 2233 minus
855 2176 910 2233 hos
922 2176 1064 2234 seductos

157 2279 190 2328 et
210 2276 295 2348 quasi
322 2275 448 2329 rusticos
476 2291 587 2328 verear.
632 2269 719 2327 Idem
741 2269 853 2328 suadeo
876 2272 941 2327 tibi.
985 2270 1065 2328 Sunt

157 2370 250 2437 enim,
265 2373 299 2423 ut
313 2370 345 2421 in
359 2371 463 2423 castris
478 2371 519 2423 sic
534 2370 627 2424 etiam
647 2370 679 2422 in
700 2364 810 2423 litteris
831 2369 941 2422 nostris
962 2364 1064 2440 plures

158 2459 242 2516 cultu
270 2478 398 2534 pagano,
422 2479 496 2536 quos
525 2464 640 2516 cinctos
669 2466 701 2516 et
724 2467 854 2516 armatos
883 2466 915 2515 et
940 2458 1080 2535 quidem·

157 2552 368 2610 ardentissimo
381 2557 505 2628 ingenio
525 2552 723 2629 diligentius1
746 2560 896 2610 scrutatus
918 2557 1061 2610 invenies.

158 2647 241 2704 Vale.

190 2768 198 2798 ¹
216 2767 371 2832 diligentius
383 2769 464 2832 Dara,
480 2769 586 2832 Bipoua
602 2769 669 2829 Ouo,
679 2770 786 2830 Mulier,
797 2769 940 2836 diligenter
952 2771 985 2820 M
988 2787 1011 2830 r,
1025 2771 1060 2823 K.

190 2895 203 2918 ⁶
220 2885 260 2936 On
272 2886 374 2951 joining
391 2887 437 2936 the
454 2903 538 2951 army,
550 2886 680 2936 members
697 2888 726 2937 of
742 2889 789 2938 the
807 2887 969 2952 Equestrian
986 2887 1063 2938 order

158 2951 275 3011 entered,
290 2952 405 3002 without
435 2953 524 3016 ussing
541 2951 658 3028 through
675 2954 723 3002 the
739 2953 807 3002 rank
824 2953 852 3002 ol
868 2954 1016 3013 centurion,
1029 2970 1062 3002 on

158 3017 232 3066 what
241 3032 295 3066 was
307 3016 391 3066 called
403 2968 449 3066 the
461 3023 585 3080 equestres
593 3017 711 3078 malitiae,
722 3019 750 3069 ol
761 3019 847 3068 which
859 3019 907 3067 the
918 3019 1062 3068 successive

158 3081 252 3147 grades
276 3097 344 3131 were
367 3085 403 3144 tl)
419 3083 586 3145 praefectura
608 3083 727 3145 cohortis,
753 3085 790 3148 (Ξ)
804 3083 972 3148 praefectura
995 3083 1060 3144 atae,

159 3147 305 3197 tribunatus
327 3146 440 3210 lecimus.
477 3147 606 3214 (Herdy.)

160 3331 199 3400 ⁶4
