2362 3794
347 404 436 462 THE
465 404 649 464 LETTERS
679 406 734 462 OF
763 405 890 463 PLINY

163 562 320 619 tendebat.
373 561 545 638 Delphinus
569 567 701 620 occurrit
723 570 757 620 et
781 582 863 620 nunc
883 563 1073 640 praecedere

163 714 301 772 puerum,
316 714 397 752 nunc
411 699 507 771 sequi,
518 715 599 752 nunc
614 699 782 766 circumire,
792 703 945 772 postremo
960 697 1073 767 subire,

163 825 327 903 deponere,
349 830 461 884 iterum
495 827 596 884 subire
630 826 899 904 trepidantemque
933 826 1074 904 perferre

163 961 294 1034 primum
322 963 354 1015 in
381 958 488 1028 altum,
516 978 586 1016 mox
614 957 711 1017 flectit
737 959 777 1016 ad
804 959 877 1018 litus
906 959 1073 1036 redditque

162 1099 262 1149 terrae
291 1098 324 1150 et
351 1091 535 1168 aequalibus.
579 1089 682 1168 Serpit
708 1110 765 1168 per
792 1091 941 1149 coloniam
971 1091 1072 1162 fama;

163 1237 342 1277 concurrere
353 1237 470 1290 omnes,
478 1222 577 1296 ipsum
586 1238 714 1295 puerum
725 1227 881 1297 tamquam
892 1219 1073 1278 miraculum

162 1342 329 1418 adspicere,
344 1346 542 1419 interrogare,
557 1342 673 1414 audire,
686 1362 816 1401 narrare.

205 1469 329 1527 Postero
343 1469 394 1527 die
409 1469 553 1528 obsident
566 1470 648 1541 litua,
663 1478 861 1547 prospectant
881 1490 974 1542 mare,
990 1467 1024 1528 e't
1046 1477 1072 1529 si

162 1595 236 1671 quid
250 1599 325 1652 mari
340 1595 446 1653 simile.
492 1594 608 1653 Natant
622 1599 729 1671 pueri;
753 1599 835 1653 inter
855 1594 910 1653 hos
931 1595 993 1668 ille,
1015 1597 1071 1654 sed

161 1725 286 1780 cautius.
344 1721 518 1798 Delphinus
546 1741 646 1779 rursus
673 1721 712 1778 ad
738 1721 872 1799 tempus
901 1743 1003 1781 rursus
1030 1724 1072 1782 ad

161 1869 288 1926 puerum
304 1847 424 1930 [venit].
469 1849 561 1926 Fugit
575 1849 627 1907 ille
642 1867 711 1906 cum
733 1853 850 1909 ceteris.
883 1849 1070 1927 Delphinus,

161 1981 245 2055 quasi
274 1982 386 2036 invitet
407 1986 440 2035 et
461 1985 592 2049 revocet,
614 1977 709 2049 exilit,
731 1982 888 2055 mergitur,
910 1982 1070 2057 variosque

159 2107 248 2164 orbes
272 2107 434 2184 implicitat
459 2105 654 2184 expeditque.
700 2107 771 2163 Hoc
798 2106 896 2164 altero
924 2106 984 2178 die,
1009 2107 1071 2165 hoc

159 2238 262 2306 tertio,
276 2234 334 2292 hoc
355 2235 501 2311 pluribuS,
522 2234 620 2293 donec
642 2234 780 2292 homines
803 2239 967 2292 innutritos
991 2241 1070 2292 mari

160 2363 276 2421 subiret
303 2361 434 2420 timendi
461 2362 579 2439 pudor:
614 2361 765 2421 accedunt
792 2370 826 2420 et
852 2361 1005 2420 adludunt
1034 2372 1070 2422 et

159 2489 326 2567 appellant,
339 2497 473 2566 tangunt
487 2493 580 2547 etiam
594 2498 846 2567 pertrectantque
855 2491 1067 2567 praebentem.

159 2617 274 2675 Crescit
309 2616 433 2674 audacia
467 2621 686 2694 experimento.
731 2618 864 2675 Maxime
899 2637 984 2694 puer,
1012 2622 1068 2694 qui

158 2748 272 2821 primus
294 2754 438 2822 expertus
462 2753 519 2816 est,
542 2745 669 2803 adnatat
690 2749 819 2816 natanti,
842 2744 938 2804 insilit
963 2753 1067 2822 tergo,

158 2871 256 2930 fertur
269 2872 472 2950 referturque,
486 2877 608 2949 agnosci
624 2893 665 2944 se,
677 2877 769 2930 amari
778 2881 876 2949 putat,
888 2880 969 2930 amat
979 2876 1047 2950 ipse
1060 2894 1068 2943 ;

191 3065 204 3088 ‘⁴
220 3057 284 3106 This
296 3057 394 3106 animal
405 3059 427 3107 is
440 3057 591 3108 celebrated
609 3058 644 3123 by
656 3059 759 3108 several
776 3058 804 3108 ol
820 3059 867 3109 the
883 3059 1004 3108 ancient·
1020 3058 1067 3110 for

158 3123 194 3170 its
211 3122 411 3186 philanthropy,
425 3123 478 3171 and
496 3123 575 3188 Pliny
593 3125 640 3174 the
657 3124 738 3184 elder,
753 3125 780 3173 in
797 3124 951 3189 particular,
965 3124 1068 3174 relatas

159 3186 214 3235 this
225 3203 290 3252 very
309 3193 392 3250 story,
412 3204 508 3253 among
525 3189 603 3238 other
621 3190 763 3249 instances,
783 3191 810 3238 in
831 3188 1013 3239 confirmation
1036 3191 1068 3241 of

158 3250 220 3300 that
231 3252 329 3302 notion.
367 3251 416 3302 See
427 3252 495 3302 Plin.
511 3253 582 3304 Hiar.
596 3255 662 3305 Nat.
679 3257 736 3317 1.9‚
751 3271 772 3304 o.
788 3258 811 3305 8.
849 3255 963 3317 (Melm.)

161 3358 215 3416 ²5²
