2352 3802
346 373 434 430 THE
464 371 647 430 LETTERS
676 370 731 430 OF
761 369 887 427 PLINY

161 530 343 607 supplicium
378 529 492 600 distuli,
527 537 562 587 ut
595 537 628 587 te
663 528 852 586 conditorem
888 526 1064 602 disciplinae
1136 494 1137 528 ³

161 649 298 706 militaris
314 647 556 725 firmatoremque
570 647 759 706 consulerem
773 646 813 704 de
827 645 917 703 modo
937 665 1063 722 poenae.
1138 705 1139 714 2

163 767 233 843 lpse
261 770 343 824 enim
372 767 479 824 dubito
501 767 541 824 ob
562 766 638 824 haec
661 770 802 836 maxime,
827 765 918 842 quod,
943 773 979 822 ut
1006 769 1064 821 iam

160 887 301 944 dixerant
323 893 512 944 sacramento
536 884 668 955 militari,
693 884 830 942 nondum
854 883 1009 942 distributi
1033 889 1065 942 in

161 1024 302 1063 numeros
330 1013 426 1062 erant.
470 1004 553 1076 Quid
588 1023 661 1080 ergo
695 1004 824 1062 debeam
858 1008 954 1080 sequi,
982 1023 1065 1080 rogo,

161 1124 295 1195 domine,
330 1124 451 1196 scribas,
493 1128 671 1202 praesertim
714 1144 782 1182 cum
828 1128 983 1202 pertineat
1027 1124 1066 1182 ad

160 1242 341 1320 exemplum.

567 1420 656 1477 XXX

463 1576 618 1634 Turmuus
641 1577 746 1635 Pnrruo

202 1733 370 1790 Sucunnuu
385 1732 530 1792 mandata
550 1754 619 1792 mea
639 1734 713 1792 fecit
734 1734 930 1811 Sempronius
951 1735 1066 1793 Caelia·

162 1885 218 1922 nus
232 1863 385 1923 mittendo
398 1864 437 1923 ad
452 1873 484 1922 te
499 1885 560 1938 eos,
571 1864 610 1924 de
625 1866 733 1944 quibus
745 1871 885 1943 cognosci
895 1868 1067 1943 oportebat,

160 2016 200 2052 an
226 1996 355 2072 capitale
378 1996 559 2073 supplicium
579 2002 725 2056 meruisse
746 1998 914 2057 videantur.
960 1998 1067 2056 Refert

161 2136 274 2199 autem,
288 2129 449 2186 voluntarii
464 2149 496 2187 se
511 2130 679 2188 obtulerint
693 2151 732 2188 an
747 2130 819 2188 lecti
834 2135 896 2188 sint
909 2130 957 2188 vel
972 2134 1066 2188 etiam

161 2256 263 2309 vicarii
290 2251 363 2309 dati.
411 2252 495 2311 Lecti
519 2257 543 2312 si
565 2262 646 2324 sunt,
668 2258 824 2331 inquisitio
845 2257 1003 2330 peccavit3
1038 2257 1063 2310 si

162 2388 262 2441 vicarii
277 2383 351 2455 dati,
360 2403 455 2462 penes
469 2405 520 2444 eos
535 2385 624 2462 culpo
639 2394 696 2459 est,
704 2391 756 2463 qui
771 2386 924 2445 dederunt
936 2405 944 2455 ;
958 2390 984 2443 si
997 2389 1065 2462 ipsi,

162 2537 231 2574 cum
252 2515 402 2576 baberent
424 2518 608 2576 condicionis
630 2538 701 2576 suae
727 2523 952 2590 conscientiam,
973 2536 1064 2575 vene·

161 2658 243 2721 runt,
265 2650 571 2708 animadvertendum
594 2655 626 2708 in
650 2650 717 2708 illos
740 2629 806 2708 erit
851 2650 959 2728 Neque
983 2653 1065 2706 enim

160 2780 291 2839 multum
313 2786 450 2854 interest,
465 2781 547 2860 quod
568 2781 704 2840 nondum
724 2802 780 2860 per
801 2801 942 2840 numeros
965 2781 1064 2839 distri·

161 2914 228 2971 buti
243 2922 322 2972 sunt.
368 2913 424 2972 Ille
440 2918 521 2972 enim
535 2913 610 2985 dice,
625 2934 685 2992 quo
699 2919 830 2990 primum
844 2915 963 2990 probati
972 2949 975 2954 ·
984 2920 1064 2982 sunt,

160 3051 322 3106 veritatem
336 3048 374 3105 ab
389 3047 436 3105 his
450 3051 573 3124 originis
587 3067 659 3105 suae
674 3051 778 3123 exigit.

162 3325 218 3380 3¹2
