2334 3686
324 273 413 334 THE
442 272 625 332 LETTERS
654 271 709 329 OF
739 270 865 328 PLINY

141 436 263 491 iniuriis
308 432 339 490 Si
357 438 409 510 qui
430 440 534 491 autem
555 451 587 488 se
609 435 714 487 contra
735 426 926 505 disciplinam
947 447 1048 484 meam

140 535 301 608 gesserint,
316 535 419 589 statim
434 537 649 597 coerceantur;
663 536 727 600 aut,
737 531 762 584 si
776 526 844 603 plus
857 524 1049 596 admiserint,

140 650 230 706 quam
250 638 285 688 ut
310 635 341 686 in
366 651 399 688 re
420 633 574 706 praesenti
595 632 667 686 satis
689 631 863 704 puniantur,
885 629 910 682 si
931 625 1048 682 milites

141 737 241 799 erunt,
266 729 376 806 legatis
398 748 512 798 eorum,
535 726 638 804 quod¹
665 723 913 802 deprehenderis,
939 731 1047 780 notum

140 827 232 884 facies
254 836 317 897 aut,
340 831 364 884 si
389 831 420 883 in
446 828 552 884 urbem
579 845 681 882 versus
706 826 826 880 venturi
849 829 949 892 erunt,
972 820 1047 878 milri

139 926 259 984 scribes

527 1159 659 1218 LXXIX
745 1237 750 1248 ι

316 1295 348 1352 C.
373 1294 494 1351 Parmos
517 1292 656 1349 Taurino
683 1291 870 1348 Iurnnaronr

182 1427 314 1485 Caurum
334 1435 391 1497 est,
406 1426 538 1495 domine,
555 1425 697 1499 Pompeia
716 1422 796 1500 lege,
810 1444 888 1500 quae
907 1422 1049 1500 Bithynis

140 1525 212 1582 data
240 1533 297 1596 est,
325 1544 364 1581 ne
392 1528 460 1600 quis
487 1527 587 1599 capiat
614 1526 825 1598 magistratum
850 1542 928 1580 neve
953 1526 993 1580 sit
1016 1526 1048 1578 in

140 1631 248 1680 senatu
265 1626 364 1680 minor
384 1641 532 1683 annorum
554 1625 689 1698 triginta.
733 1620 849 1678 Eadem
875 1620 945 1697 lege
966 1637 1048 1677 com-

141 1721 325 1799 prehensum
340 1729 397 1793 est,
412 1728 456 1791 ut,
472 1725 523 1798 qui
542 1723 680 1795 ceperint
698 1723 920 1795 magistratum,
935 1723 996 1776 sint
1015 1723 1048 1775 in

141 1828 257 1878 senatu.
301 1818 447 1877 Secutum
476 1826 523 1876 est
550 1818 623 1875 dein
651 1817 786 1874 edictum
814 1816 876 1875 divi
904 1817 1048 1893 Augusti,

140 1937 201 1995 quo
215 1921 352 1993 permisit
366 1921 498 1974 minores
512 1918 706 1992 magistratus
720 1914 759 1972 ab
773 1918 860 1972 annis
877 1915 995 1972 duobus
1014 1923 1049 1973 et

139 2021 248 2092 viginti
263 2035 379 2091 capere.
423 2015 588 2087 Quaeritur
602 2033 684 2090 ergo,
698 2034 747 2086 an,
761 2017 814 2090 qui
826 2018 926 2072 minor
938 2019 1048 2092 trigin-

140 2122 173 2172 ta
187 2133 334 2171 annorum
350 2116 444 2190 gessit
458 2117 661 2188 magistratus,
676 2115 771 2188 possit
787 2133 805 2167 a
822 2112 997 2170 censoribus
1014 2117 1047 2170 in

140 2220 280 2270 senatum
307 2211 370 2288 legi
393 2219 436 2283 et,
460 2215 485 2268 si
509 2218 622 2286 potest,
643 2229 683 2266 an
705 2211 727 2265 ii
755 2227 886 2288 quoque,
909 2215 960 2288 qui
983 2230 1047 2268 non

140 2314 299 2386 gesserint,
314 2312 430 2386 possint
443 2328 499 2386 per
513 2308 643 2367 eandem
656 2311 941 2384 interpretationem
957 2310 995 2365 ab
1009 2329 1047 2366 ea

139 2416 241 2467 aetate
256 2415 410 2466 senatores
424 2408 496 2484 legi,
511 2428 529 2465 a
542 2427 601 2483 qua
623 2406 682 2463 illis
704 2410 915 2483 magistratum
938 2427 1046 2486 gerere

140 2511 318 2584 permissum
333 2514 394 2575 est;
408 2505 489 2584 quod
503 2505 615 2582 alioqui
629 2505 802 2562 factitatum
816 2505 916 2564 adhuc
931 2513 964 2564 et
978 2525 1046 2563 esse

140 2609 342 2663 necessarium
356 2603 478 2675 dicitur,
492 2607 562 2681 quia
577 2606 616 2660 sit
630 2602 785 2680 aliquanto
806 2603 915 2661 melius
936 2603 1046 2660 hones-

139 2711 240 2760 torum
264 2702 421 2759 hominum
448 2701 559 2758 liberos
587 2721 677 2777 quarn
706 2720 723 2758 e
752 2700 842 2777 plebe
871 2705 902 2757 in
931 2703 1045 2757 curiam
1151 2765 1152 2776 χ

139 2799 269 2857 admitti.

346 2877 354 2908 ¹
372 2877 443 2944 quod
455 2877 651 2937 Ritteraltasiaa,
664 2893 732 2942 quae
744 2894 769 2938 a,
785 2877 837 2930 Aa.

173 3003 186 3024 ⁶
202 2994 283 3044 Alter
293 2993 466 3059 subjugating
478 2993 651 3043 Mithridates
662 2993 691 3042 ol
707 2994 809 3043 Pontus
821 2996 863 3054 (65
875 2997 953 3055 aaa),
967 2960 1047 3043 wben

141 3057 270 3124 Bithynia
281 3075 336 3108 was
348 3059 424 3108 made
443 3075 459 3107 a
480 3059 582 3107 Roman
601 3060 734 3122 province.
769 3060 794 3108 A
813 3057 879 3109 kind
900 3058 927 3109 of
947 3061 1046 3109 consti·

141 3124 229 3173 tution
248 3124 300 3184 (lex
316 3123 475 3187 provinciae)
494 3123 536 3172 ior
555 3124 618 3173 each
639 3125 764 3188 province
784 3125 846 3174 thus
864 3124 988 3191 acquired
1010 3125 1047 3192 by

143 3215 201 3288 380
