<?xml version="1.0" encoding="UTF-8"?>
<!DOCTYPE html PUBLIC "-//W3C//DTD XHTML 1.0 Transitional//EN"
    "http://www.w3.org/TR/xhtml1/DTD/xhtml1-transitional.dtd">
<html xmlns="http://www.w3.org/1999/xhtml" xml:lang="en" lang="en">
 <head>
  <title>
</title>
<meta http-equiv="Content-Type" content="text/html;charset=utf-8" />
  <meta name='ocr-system' content='tesseract 3.04.00' />
  <meta name='ocr-capabilities' content='ocr_page ocr_carea ocr_par ocr_line ocrx_word'/>
</head>
<body>
  <div class='ocr_page' id='page_1' title='image "./letters00hutcgoog_0049.png"; bbox 0 0 2354 3802; ppageno 0'>
   <div class='ocr_carea' id='block_1_1' title="bbox 345 347 884 407">
    <p class='ocr_par' dir='ltr' id='par_1_1' title="bbox 345 347 884 407">
     <span class='ocr_line' id='line_1_1' title="bbox 345 347 884 407; baseline 0 -1"><span class='ocrx_word' id='word_1_1' title='bbox 345 349 434 406; x_wconf 88' lang='lat' dir='ltr'><strong>THE</strong></span> <span class='ocrx_word' id='word_1_2' title='bbox 462 347 645 407; x_wconf 86' lang='lat' dir='ltr'><strong>LETTERS</strong></span> <span class='ocrx_word' id='word_1_3' title='bbox 674 349 729 407; x_wconf 91' lang='lat' dir='ltr'><strong>OF</strong></span> <span class='ocrx_word' id='word_1_4' title='bbox 758 349 884 406; x_wconf 81' lang='lat' dir='ltr'>PLINY</span> 
     </span>
    </p>
   </div>
   <div class='ocr_carea' id='block_1_2' title="bbox 162 506 1071 1176">
    <p class='ocr_par' dir='ltr' id='par_1_2' title="bbox 162 506 1071 1176">
     <span class='ocr_line' id='line_1_2' title="bbox 163 506 1070 586; baseline -0.006 -18"><span class='ocrx_word' id='word_1_5' title='bbox 163 512 233 584; x_wconf 84' lang='lat' dir='ltr'><strong>Quo</strong></span> <span class='ocrx_word' id='word_1_6' title='bbox 255 514 351 586; x_wconf 84' lang='lat' dir='ltr'><strong>magis</strong></span> <span class='ocrx_word' id='word_1_7' title='bbox 372 513 472 580; x_wconf 87' lang='lat' dir='ltr'><strong>miror,</strong></span> <span class='ocrx_word' id='word_1_8' title='bbox 495 507 577 586; x_wconf 92' lang='lat' dir='ltr'><strong>quod</strong></span> <span class='ocrx_word' id='word_1_9' title='bbox 599 509 703 566; x_wconf 89' lang='lat' dir='ltr'><strong>scribis</strong></span> <span class='ocrx_word' id='word_1_10' title='bbox 725 507 817 565; x_wconf 90' lang='lat' dir='ltr'><strong>fuisse</strong></span> <span class='ocrx_word' id='word_1_11' title='bbox 840 506 996 584; x_wconf 88' lang='lat' dir='ltr'><strong>quosdam,</strong></span> <span class='ocrx_word' id='word_1_12' title='bbox 1017 511 1070 585; x_wconf 92' lang='lat' dir='ltr'><strong>qui</strong></span> 
     </span>
     <span class='ocr_line' id='line_1_3' title="bbox 162 628 1071 707; baseline -0.003 -20"><span class='ocrx_word' id='word_1_13' title='bbox 162 629 436 707; x_wconf 85' lang='lat' dir='ltr'>reprehenderent,</span> <span class='ocrx_word' id='word_1_14' title='bbox 458 628 539 705; x_wconf 92' lang='lat' dir='ltr'><strong>quod</strong></span> <span class='ocrx_word' id='word_1_15' title='bbox 562 633 713 686; x_wconf 91' lang='lat' dir='ltr'><strong>orationes</strong></span> <span class='ocrx_word' id='word_1_16' title='bbox 740 631 865 684; x_wconf 91' lang='lat' dir='ltr'><strong>omnino</strong></span> <span class='ocrx_word' id='word_1_17' title='bbox 891 631 1071 696; x_wconf 80' lang='lat' dir='ltr'><strong>recitarem3</strong></span> 
     </span>
     <span class='ocr_line' id='line_1_4' title="bbox 163 746 1070 827; baseline -0.004 -20"><span class='ocrx_word' id='word_1_18' title='bbox 163 754 221 807; x_wconf 91' lang='lat' dir='ltr'><strong>nisi</strong></span> <span class='ocrx_word' id='word_1_19' title='bbox 248 768 319 807; x_wconf 87' lang='lat' dir='ltr'><strong>vero</strong></span> <span class='ocrx_word' id='word_1_20' title='bbox 354 748 408 806; x_wconf 86' lang='lat' dir='ltr'><strong>has</strong></span> <span class='ocrx_word' id='word_1_21' title='bbox 436 748 512 827; x_wconf 87' lang='lat' dir='ltr'><strong>solas</strong></span> <span class='ocrx_word' id='word_1_22' title='bbox 539 767 601 806; x_wconf 93' lang='lat' dir='ltr'><strong>non</strong></span> <span class='ocrx_word' id='word_1_23' title='bbox 629 755 740 825; x_wconf 90' lang='lat' dir='ltr'><strong>putant</strong></span> <span class='ocrx_word' id='word_1_24' title='bbox 769 746 984 805; x_wconf 88' lang='lat' dir='ltr'><strong>emendandas.</strong></span> <span class='ocrx_word' id='word_1_25' title='bbox 1041 748 1070 802; x_wconf 90' lang='lat' dir='ltr'>A</span> 
     </span>
     <span class='ocr_line' id='line_1_5' title="bbox 163 867 1070 946; baseline -0.002 -20"><span class='ocrx_word' id='word_1_26' title='bbox 163 869 272 946; x_wconf 89' lang='lat' dir='ltr'><strong>quibus</strong></span> <span class='ocrx_word' id='word_1_27' title='bbox 300 868 433 925; x_wconf 80' lang='lat' dir='ltr'><strong>libenter</strong></span> <span class='ocrx_word' id='word_1_28' title='bbox 454 871 652 944; x_wconf 88' lang='lat' dir='ltr'><strong>requisierim,</strong></span> <span class='ocrx_word' id='word_1_29' title='bbox 674 887 726 924; x_wconf 91' lang='lat' dir='ltr'><strong>cur</strong></span> <span class='ocrx_word' id='word_1_30' title='bbox 751 867 931 938; x_wconf 85' lang='lat' dir='ltr'>concedant,</span> <span class='ocrx_word' id='word_1_31' title='bbox 953 872 978 925; x_wconf 92' lang='lat' dir='ltr'><strong>si</strong></span> <span class='ocrx_word' id='word_1_32' title='bbox 998 887 1070 924; x_wconf 91' lang='lat' dir='ltr'><strong>con-</strong></span> 
     </span>
     <span class='ocr_line' id='line_1_6' title="bbox 164 982 1071 1061; baseline -0.002 -19"><span class='ocrx_word' id='word_1_33' title='bbox 164 983 277 1042; x_wconf 88' lang='lat' dir='ltr'><strong>cedant</strong></span> <span class='ocrx_word' id='word_1_34' title='bbox 299 991 414 1054; x_wconf 84' lang='lat' dir='ltr'><strong>tamen,</strong></span> <span class='ocrx_word' id='word_1_35' title='bbox 436 983 591 1041; x_wconf 80' lang='lat' dir='ltr'><strong>historiam</strong></span> <span class='ocrx_word' id='word_1_36' title='bbox 615 982 729 1040; x_wconf 87' lang='lat' dir='ltr'><strong>debere</strong></span> <span class='ocrx_word' id='word_1_37' title='bbox 754 987 885 1054; x_wconf 80' lang='lat' dir='ltr'><strong>recitari,</strong></span> <span class='ocrx_word' id='word_1_38' title='bbox 905 1003 984 1061; x_wconf 85' lang='lat' dir='ltr'><strong>quae</strong></span> <span class='ocrx_word' id='word_1_39' title='bbox 1008 1002 1071 1040; x_wconf 91' lang='lat' dir='ltr'><strong>non</strong></span> 
     </span>
     <span class='ocr_line' id='line_1_7' title="bbox 163 1097 1071 1176; baseline -0.001 -21"><span class='ocrx_word' id='word_1_40' title='bbox 163 1101 371 1168; x_wconf 81' lang='lat' dir='ltr'><strong>ostentationi,</strong></span> <span class='ocrx_word' id='word_1_41' title='bbox 401 1098 455 1156; x_wconf 87' lang='lat' dir='ltr'><strong>sed</strong></span> <span class='ocrx_word' id='word_1_42' title='bbox 483 1097 553 1156; x_wconf 90' lang='lat' dir='ltr'><strong>fidei</strong></span> <span class='ocrx_word' id='word_1_43' title='bbox 581 1101 764 1176; x_wconf 72' lang='lat' dir='ltr'><strong>veritatique</strong></span> <span class='ocrx_word' id='word_1_44' title='bbox 789 1103 989 1176; x_wconf 86' lang='lat' dir='ltr'><strong>componitur,</strong></span> <span class='ocrx_word' id='word_1_45' title='bbox 1017 1118 1071 1156; x_wconf 88' lang='lat' dir='ltr'><strong>cur</strong></span> 
     </span>
    </p>
   </div>
   <div class='ocr_carea' id='block_1_3' title="bbox 163 1212 1072 1290">
    <p class='ocr_par' dir='ltr' id='par_1_3' title="bbox 163 1212 1072 1290">
     <span class='ocr_line' id='line_1_8' title="bbox 163 1212 1072 1290; baseline 0.001 -19"><span class='ocrx_word' id='word_1_46' title='bbox 163 1212 362 1290; x_wconf 83' lang='lat' dir='ltr'><strong>tragoediam,</strong></span> <span class='ocrx_word' id='word_1_47' title='bbox 382 1232 460 1290; x_wconf 87' lang='lat' dir='ltr'><strong>quae</strong></span> <span class='ocrx_word' id='word_1_48' title='bbox 488 1233 550 1270; x_wconf 90' lang='lat' dir='ltr'><strong>non</strong></span> <span class='ocrx_word' id='word_1_49' title='bbox 572 1214 764 1285; x_wconf 86' lang='lat' dir='ltr'><strong>auditorium,</strong></span> <span class='ocrx_word' id='word_1_50' title='bbox 788 1214 842 1272; x_wconf 89' lang='lat' dir='ltr'><strong>sed</strong></span> <span class='ocrx_word' id='word_1_51' title='bbox 870 1233 1010 1272; x_wconf 83' lang='lat' dir='ltr'><strong>scaenam</strong></span> <span class='ocrx_word' id='word_1_52' title='bbox 1039 1223 1072 1272; x_wconf 87' lang='lat' dir='ltr'><strong>et</strong></span> 
     </span>
    </p>
   </div>
   <div class='ocr_carea' id='block_1_4' title="bbox 163 1307 1162 1511">
    <p class='ocr_par' dir='ltr' id='par_1_4' title="bbox 163 1307 1162 1511">
     <span class='ocr_line' id='line_1_9' title="bbox 163 1307 1162 1413; baseline 0.002 -29"><span class='ocrx_word' id='word_1_53' title='bbox 163 1335 290 1399; x_wconf 88' lang='lat' dir='ltr'><strong>actores,</strong></span> <span class='ocrx_word' id='word_1_54' title='bbox 305 1347 358 1384; x_wconf 87' lang='lat' dir='ltr'><strong>cur</strong></span> <span class='ocrx_word' id='word_1_55' title='bbox 372 1327 473 1404; x_wconf 85' lang='lat' dir='ltr'><strong>lyrica,</strong></span> <span class='ocrx_word' id='word_1_56' title='bbox 489 1347 566 1404; x_wconf 90' lang='lat' dir='ltr'><strong>quae</strong></span> <span class='ocrx_word' id='word_1_57' title='bbox 581 1347 643 1384; x_wconf 91' lang='lat' dir='ltr'><strong>non</strong></span> <span class='ocrx_word' id='word_1_58' title='bbox 657 1327 814 1400; x_wconf 88' lang='lat' dir='ltr'><strong>lectorem,</strong></span> <span class='ocrx_word' id='word_1_59' title='bbox 829 1327 884 1386; x_wconf 87' lang='lat' dir='ltr'><strong>sed</strong></span> <span class='ocrx_word' id='word_1_60' title='bbox 898 1327 1024 1413; x_wconf 72' lang='lat' dir='ltr'><strong>chorum</strong></span> <span class='ocrx_word' id='word_1_61' title='bbox 1039 1337 1072 1386; x_wconf 90' lang='lat' dir='ltr'><strong>et</strong></span> <span class='ocrx_word' id='word_1_62' title='bbox 1161 1307 1162 1366; x_wconf 58' lang='grc' dir='ltr'>Ῐ</span> 
     </span>
     <span class='ocr_line' id='line_1_10' title="bbox 164 1436 412 1511; baseline -0.008 -19"><span class='ocrx_word' id='word_1_63' title='bbox 164 1436 260 1511; x_wconf 88' lang='lat' dir='ltr'><strong>lyram</strong></span> <span class='ocrx_word' id='word_1_64' title='bbox 275 1441 412 1510; x_wconf 88' lang='lat' dir='ltr'><strong>poscunt.</strong></span> 
     </span>
    </p>
   </div>
   <div class='ocr_carea' id='block_1_5' title="bbox 206 1547 1162 1626">
    <p class='ocr_par' dir='ltr' id='par_1_5' title="bbox 206 1547 1162 1626">
     <span class='ocr_line' id='line_1_11' title="bbox 206 1547 1162 1626; baseline 0.001 -22"><span class='ocrx_word' id='word_1_65' title='bbox 206 1548 250 1605; x_wconf 83' lang='lat' dir='ltr'><strong>At</strong></span> <span class='ocrx_word' id='word_1_66' title='bbox 271 1547 379 1605; x_wconf 89' lang='lat' dir='ltr'><strong>horum</strong></span> <span class='ocrx_word' id='word_1_67' title='bbox 407 1552 545 1606; x_wconf 79' lang='lat' dir='ltr'><strong>recitatio</strong></span> <span class='ocrx_word' id='word_1_68' title='bbox 572 1569 629 1606; x_wconf 91' lang='lat' dir='ltr'><strong>usu</strong></span> <span class='ocrx_word' id='word_1_69' title='bbox 656 1553 716 1606; x_wconf 88' lang='lat' dir='ltr'><strong>iam</strong></span> <span class='ocrx_word' id='word_1_70' title='bbox 744 1559 868 1626; x_wconf 84' lang='lat' dir='ltr'><strong>recepta</strong></span> <span class='ocrx_word' id='word_1_71' title='bbox 890 1557 944 1608; x_wconf 88' lang='lat' dir='ltr'><strong>est.</strong></span> <span class='ocrx_word' id='word_1_72' title='bbox 989 1550 1071 1606; x_wconf 93' lang='lat' dir='ltr'><strong>Num</strong></span> <span class='ocrx_word' id='word_1_73' title='bbox 1161 1575 1162 1584; x_wconf 47' lang='lat'>¹</span> 
     </span>
    </p>
   </div>
   <div class='ocr_carea' id='block_1_6' title="bbox 166 1662 1072 1741">
    <p class='ocr_par' dir='ltr' id='par_1_6' title="bbox 166 1631 1162 1752">
     <span class='ocr_line' id='line_1_12' title="bbox 166 1662 1072 1741; baseline 0.002 -21"><span class='ocrx_word' id='word_1_74' title='bbox 166 1682 239 1738; x_wconf 88' lang='lat' dir='ltr'><strong>ergo</strong></span> <span class='ocrx_word' id='word_1_75' title='bbox 267 1662 435 1740; x_wconf 89' lang='lat' dir='ltr'><strong>culpandus</strong></span> <span class='ocrx_word' id='word_1_76' title='bbox 458 1671 505 1720; x_wconf 91' lang='lat' dir='ltr'><strong>est</strong></span> <span class='ocrx_word' id='word_1_77' title='bbox 533 1663 594 1734; x_wconf 89' lang='lat' dir='ltr'><strong>ille,</strong></span> <span class='ocrx_word' id='word_1_78' title='bbox 623 1667 675 1741; x_wconf 93' lang='lat' dir='ltr'><strong>qui</strong></span> <span class='ocrx_word' id='word_1_79' title='bbox 702 1666 824 1741; x_wconf 88' lang='lat' dir='ltr'><strong>coepit?</strong></span> <span class='ocrx_word' id='word_1_80' title='bbox 879 1664 1072 1741; x_wconf 85' lang='lat' dir='ltr'><strong>Quamquam</strong></span> 
     </span>
    </p>
   </div>
   <div class='ocr_carea' id='block_1_7' title="bbox 166 1785 1072 1863">
    <p class='ocr_par' dir='ltr' id='par_1_7' title="bbox 166 1785 1072 1863">
     <span class='ocr_line' id='line_1_13' title="bbox 166 1785 1072 1863; baseline 0.002 -22"><span class='ocrx_word' id='word_1_81' title='bbox 166 1787 316 1842; x_wconf 88' lang='lat' dir='ltr'><strong>orationes</strong></span> <span class='ocrx_word' id='word_1_82' title='bbox 357 1805 477 1863; x_wconf 87' lang='lat' dir='ltr'><strong>quoque</strong></span> <span class='ocrx_word' id='word_1_83' title='bbox 514 1794 548 1844; x_wconf 92' lang='lat' dir='ltr'><strong>et</strong></span> <span class='ocrx_word' id='word_1_84' title='bbox 584 1789 679 1842; x_wconf 88' lang='lat' dir='ltr'><strong>nostri</strong></span> <span class='ocrx_word' id='word_1_85' title='bbox 720 1785 844 1862; x_wconf 90' lang='lat' dir='ltr'><strong>quidam</strong></span> <span class='ocrx_word' id='word_1_86' title='bbox 885 1793 918 1842; x_wconf 92' lang='lat' dir='ltr'><strong>et</strong></span> <span class='ocrx_word' id='word_1_87' title='bbox 963 1785 1072 1843; x_wconf 88' lang='lat' dir='ltr'><strong>Graeci</strong></span> 
     </span>
    </p>
   </div>
   <div class='ocr_carea' id='block_1_8' title="bbox 166 1891 1154 1977">
    <p class='ocr_par' dir='ltr' id='par_1_8' title="bbox 166 1891 1154 1977">
     <span class='ocr_line' id='line_1_14' title="bbox 166 1891 1154 1977; baseline 0.003 -22"><span class='ocrx_word' id='word_1_88' title='bbox 166 1898 390 1958; x_wconf 87' lang='lat' dir='ltr'><strong>lectitaverunt.</strong></span> <span class='ocrx_word' id='word_1_89' title='bbox 426 1900 652 1977; x_wconf 88' lang='lat' dir='ltr'><strong>Supervacuum</strong></span> <span class='ocrx_word' id='word_1_90' title='bbox 666 1908 770 1957; x_wconf 88' lang='lat' dir='ltr'><strong>tamen</strong></span> <span class='ocrx_word' id='word_1_91' title='bbox 785 1908 832 1958; x_wconf 89' lang='lat' dir='ltr'><strong>est</strong></span> <span class='ocrx_word' id='word_1_92' title='bbox 846 1904 982 1970; x_wconf 88' lang='lat' dir='ltr'><strong>recitare,</strong></span> <span class='ocrx_word' id='word_1_93' title='bbox 994 1921 1072 1977; x_wconf 90' lang='lat' dir='ltr'><strong>quae</strong></span> <span class='ocrx_word' id='word_1_94' title='bbox 1152 1891 1154 1896; x_wconf 44' lang='lat'><strong>¹</strong></span> 
     </span>
    </p>
   </div>
   <div class='ocr_carea' id='block_1_9' title="bbox 167 2015 1162 2089">
    <p class='ocr_par' dir='ltr' id='par_1_9' title="bbox 167 2015 1162 2089">
     <span class='ocr_line' id='line_1_15' title="bbox 167 2015 1162 2089; baseline 0.001 -16"><span class='ocrx_word' id='word_1_95' title='bbox 167 2016 286 2074; x_wconf 84' lang='lat' dir='ltr'><strong>dixeris.</strong></span> <span class='ocrx_word' id='word_1_96' title='bbox 331 2016 442 2089; x_wconf 90' lang='lat' dir='ltr'><strong>Etiam,</strong></span> <span class='ocrx_word' id='word_1_97' title='bbox 456 2021 481 2074; x_wconf 90' lang='lat' dir='ltr'><strong>si</strong></span> <span class='ocrx_word' id='word_1_98' title='bbox 496 2015 603 2074; x_wconf 91' lang='lat' dir='ltr'><strong>eadem</strong></span> <span class='ocrx_word' id='word_1_99' title='bbox 625 2020 735 2086; x_wconf 86' lang='lat' dir='ltr'><strong>omnia,</strong></span> <span class='ocrx_word' id='word_1_100' title='bbox 755 2020 780 2074; x_wconf 93' lang='lat' dir='ltr'><strong>si</strong></span> <span class='ocrx_word' id='word_1_101' title='bbox 800 2016 909 2074; x_wconf 88' lang='lat' dir='ltr'><strong>iisdem</strong></span> <span class='ocrx_word' id='word_1_102' title='bbox 923 2017 1073 2087; x_wconf 88' lang='lat' dir='ltr'><strong>omnibus,</strong></span> <span class='ocrx_word' id='word_1_103' title='bbox 1161 2063 1162 2084; x_wconf 48' lang='lat'>2</span> 
     </span>
    </p>
   </div>
   <div class='ocr_carea' id='block_1_10' title="bbox 81 2133 1074 3132">
    <p class='ocr_par' dir='ltr' id='par_1_10' title="bbox 81 2133 1074 3132">
     <span class='ocr_line' id='line_1_16' title="bbox 136 2133 1074 2203; baseline 0 -13"><span class='ocrx_word' id='word_1_104' title='bbox 136 2137 140 2144; x_wconf 91' lang='lat'>&#39;</span> <span class='ocrx_word' id='word_1_105' title='bbox 167 2137 192 2190; x_wconf 95' lang='lat' dir='ltr'><strong>si</strong></span> <span class='ocrx_word' id='word_1_106' title='bbox 226 2136 330 2190; x_wconf 88' lang='lat' dir='ltr'><strong>statim</strong></span> <span class='ocrx_word' id='word_1_107' title='bbox 364 2136 492 2201; x_wconf 89' lang='lat' dir='ltr'><strong>recites;</strong></span> <span class='ocrx_word' id='word_1_108' title='bbox 533 2137 558 2190; x_wconf 92' lang='lat' dir='ltr'><strong>si</strong></span> <span class='ocrx_word' id='word_1_109' title='bbox 591 2153 663 2190; x_wconf 88' lang='lat' dir='ltr'><strong>vero</strong></span> <span class='ocrx_word' id='word_1_110' title='bbox 696 2133 792 2191; x_wconf 82' lang='lat' dir='ltr'><strong>multa</strong></span> <span class='ocrx_word' id='word_1_111' title='bbox 826 2137 949 2203; x_wconf 86' lang='lat' dir='ltr'><strong>inseras,</strong></span> <span class='ocrx_word' id='word_1_112' title='bbox 976 2133 1074 2191; x_wconf 91' lang='lat' dir='ltr'><strong>multa</strong></span> 
     </span>
     <span class='ocr_line' id='line_1_17' title="bbox 167 2247 1073 2327; baseline 0 -23"><span class='ocrx_word' id='word_1_113' title='bbox 167 2256 346 2318; x_wconf 67' lang='lat' dir='ltr'><strong>commutes</strong></span> <span class='ocrx_word' id='word_1_114' title='bbox 367 2252 392 2304; x_wconf 94' lang='lat' dir='ltr'><strong>si</strong></span> <span class='ocrx_word' id='word_1_115' title='bbox 413 2248 558 2325; x_wconf 91' lang='lat' dir='ltr'><strong>quosdam</strong></span> <span class='ocrx_word' id='word_1_116' title='bbox 579 2269 681 2321; x_wconf 91' lang='lat' dir='ltr'><strong>novos,</strong></span> <span class='ocrx_word' id='word_1_117' title='bbox 703 2249 849 2327; x_wconf 88' lang='lat' dir='ltr'><strong>quosdam</strong></span> <span class='ocrx_word' id='word_1_118' title='bbox 870 2249 1003 2319; x_wconf 90' lang='lat' dir='ltr'><strong>eosdem,</strong></span> <span class='ocrx_word' id='word_1_119' title='bbox 1018 2247 1073 2306; x_wconf 90' lang='lat' dir='ltr'><strong>sed</strong></span> 
     </span>
     <span class='ocr_line' id='line_1_18' title="bbox 167 2363 1074 2440; baseline -0.002 -19"><span class='ocrx_word' id='word_1_120' title='bbox 167 2371 237 2440; x_wconf 91' lang='lat' dir='ltr'><strong>post</strong></span> <span class='ocrx_word' id='word_1_121' title='bbox 259 2371 381 2439; x_wconf 86' lang='lat' dir='ltr'><strong>tempus</strong></span> <span class='ocrx_word' id='word_1_122' title='bbox 403 2363 551 2434; x_wconf 89' lang='lat' dir='ltr'><strong>adsumas,</strong></span> <span class='ocrx_word' id='word_1_123' title='bbox 567 2385 620 2421; x_wconf 92' lang='lat' dir='ltr'><strong>cur</strong></span> <span class='ocrx_word' id='word_1_124' title='bbox 640 2369 739 2422; x_wconf 90' lang='lat' dir='ltr'><strong>minus</strong></span> <span class='ocrx_word' id='word_1_125' title='bbox 753 2363 917 2440; x_wconf 85' lang='lat' dir='ltr'><strong>probabilis</strong></span> <span class='ocrx_word' id='word_1_126' title='bbox 931 2367 971 2420; x_wconf 91' lang='lat' dir='ltr'><strong>sit</strong></span> <span class='ocrx_word' id='word_1_127' title='bbox 984 2383 1074 2420; x_wconf 84' lang='lat' dir='ltr'><strong>causa</strong></span> 
     </span>
     <span class='ocr_line' id='line_1_19' title="bbox 166 2477 1074 2556; baseline -0.001 -21"><span class='ocrx_word' id='word_1_128' title='bbox 166 2477 325 2550; x_wconf 85' lang='lat' dir='ltr'><strong>recitandi,</strong></span> <span class='ocrx_word' id='word_1_129' title='bbox 345 2497 422 2555; x_wconf 87' lang='lat' dir='ltr'><strong>quae</strong></span> <span class='ocrx_word' id='word_1_130' title='bbox 443 2477 564 2549; x_wconf 84' lang='lat' dir='ltr'><strong>dixeris,</strong></span> <span class='ocrx_word' id='word_1_131' title='bbox 585 2499 675 2556; x_wconf 86' lang='lat' dir='ltr'><strong>quam</strong></span> <span class='ocrx_word' id='word_1_132' title='bbox 696 2477 829 2536; x_wconf 85' lang='lat' dir='ltr'><strong>edendi?</strong></span> <span class='ocrx_word' id='word_1_133' title='bbox 871 2477 933 2536; x_wconf 87' lang='lat' dir='ltr'><strong>Sed</strong></span> <span class='ocrx_word' id='word_1_134' title='bbox 953 2477 1074 2534; x_wconf 85' lang='lat' dir='ltr'><strong>difficile</strong></span> 
     </span>
     <span class='ocr_line' id='line_1_20' title="bbox 168 2585 1074 2664; baseline -0.002 -13"><span class='ocrx_word' id='word_1_135' title='bbox 168 2600 225 2664; x_wconf 91' lang='lat' dir='ltr'><strong>est,</strong></span> <span class='ocrx_word' id='word_1_136' title='bbox 247 2601 283 2650; x_wconf 90' lang='lat' dir='ltr'><strong>ut</strong></span> <span class='ocrx_word' id='word_1_137' title='bbox 306 2596 410 2663; x_wconf 82' lang='lat' dir='ltr'><strong>oratic,</strong></span> <span class='ocrx_word' id='word_1_138' title='bbox 439 2591 513 2650; x_wconf 89' lang='lat' dir='ltr'><strong>dum</strong></span> <span class='ocrx_word' id='word_1_139' title='bbox 538 2597 691 2663; x_wconf 89' lang='lat' dir='ltr'><strong>recitatur,</strong></span> <span class='ocrx_word' id='word_1_140' title='bbox 712 2591 884 2650; x_wconf 87' lang='lat' dir='ltr'><strong>satisfaciat.</strong></span> <span class='ocrx_word' id='word_1_141' title='bbox 912 2585 993 2648; x_wconf 75' lang='lat' dir='ltr'><strong>iam</strong></span> <span class='ocrx_word' id='word_1_142' title='bbox 1016 2590 1074 2649; x_wconf 90' lang='lat' dir='ltr'><strong>hoc</strong></span> 
     </span>
     <span class='ocr_line' id='line_1_21' title="bbox 167 2707 1073 2784; baseline -0.006 -17"><span class='ocrx_word' id='word_1_143' title='bbox 167 2708 206 2767; x_wconf 92' lang='lat' dir='ltr'><strong>ad</strong></span> <span class='ocrx_word' id='word_1_144' title='bbox 220 2707 355 2766; x_wconf 90' lang='lat' dir='ltr'><strong>laborem</strong></span> <span class='ocrx_word' id='word_1_145' title='bbox 377 2711 535 2766; x_wconf 85' lang='lat' dir='ltr'><strong>recitantis</strong></span> <span class='ocrx_word' id='word_1_146' title='bbox 554 2711 699 2784; x_wconf 89' lang='lat' dir='ltr'><strong>pertinet,</strong></span> <span class='ocrx_word' id='word_1_147' title='bbox 720 2727 782 2764; x_wconf 89' lang='lat' dir='ltr'><strong>non</strong></span> <span class='ocrx_word' id='word_1_148' title='bbox 795 2707 834 2763; x_wconf 92' lang='lat' dir='ltr'><strong>ad</strong></span> <span class='ocrx_word' id='word_1_149' title='bbox 849 2709 997 2764; x_wconf 85' lang='lat' dir='ltr'><strong>rationem</strong></span> <span class='ocrx_word' id='word_1_150' title='bbox 1012 2725 1073 2763; x_wconf 91' lang='lat' dir='ltr'><strong>non</strong></span> 
     </span>
     <span class='ocr_line' id='line_1_22' title="bbox 167 2822 325 2882; baseline 0 -2"><span class='ocrx_word' id='word_1_151' title='bbox 167 2822 325 2882; x_wconf 89' lang='lat' dir='ltr'><strong>recitandi.</strong></span> 
     </span>
     <span class='ocr_line' id='line_1_23' title="bbox 81 2913 1074 3015; baseline -0.001 -21"><span class='ocrx_word' id='word_1_152' title='bbox 81 2913 85 2924; x_wconf 35' lang='lat'><em>⁵</em></span> <span class='ocrx_word' id='word_1_153' title='bbox 208 2937 276 2996; x_wconf 87' lang='lat' dir='ltr'><strong>Nec</strong></span> <span class='ocrx_word' id='word_1_154' title='bbox 291 2958 362 2997; x_wconf 86' lang='lat' dir='ltr'><strong>vero</strong></span> <span class='ocrx_word' id='word_1_155' title='bbox 376 2958 444 3015; x_wconf 88' lang='lat' dir='ltr'><strong>ego,</strong></span> <span class='ocrx_word' id='word_1_156' title='bbox 465 2937 539 2994; x_wconf 91' lang='lat' dir='ltr'><strong>dum</strong></span> <span class='ocrx_word' id='word_1_157' title='bbox 561 2941 667 3007; x_wconf 88' lang='lat' dir='ltr'><strong>recit0‚</strong></span> <span class='ocrx_word' id='word_1_158' title='bbox 681 2936 807 3008; x_wconf 86' lang='lat' dir='ltr'><strong>laudari,</strong></span> <span class='ocrx_word' id='word_1_159' title='bbox 821 2936 875 2994; x_wconf 90' lang='lat' dir='ltr'><strong>sed</strong></span> <span class='ocrx_word' id='word_1_160' title='bbox 890 2936 963 2994; x_wconf 93' lang='lat' dir='ltr'><strong>dum</strong></span> <span class='ocrx_word' id='word_1_161' title='bbox 979 2936 1074 3013; x_wconf 86' lang='lat' dir='ltr'><strong>legor,</strong></span> 
     </span>
     <span class='ocr_line' id='line_1_24' title="bbox 168 3051 1072 3132; baseline -0.001 -21"><span class='ocrx_word' id='word_1_162' title='bbox 168 3057 265 3130; x_wconf 89' lang='lat' dir='ltr'><strong>cupio.</strong></span> <span class='ocrx_word' id='word_1_163' title='bbox 322 3053 431 3132; x_wconf 87' lang='lat' dir='ltr'><strong>Itaque</strong></span> <span class='ocrx_word' id='word_1_164' title='bbox 459 3052 577 3109; x_wconf 90' lang='lat' dir='ltr'><strong>nullum</strong></span> <span class='ocrx_word' id='word_1_165' title='bbox 605 3051 790 3108; x_wconf 86' lang='lat' dir='ltr'><strong>emendandi</strong></span> <span class='ocrx_word' id='word_1_166' title='bbox 824 3072 921 3128; x_wconf 87' lang='lat' dir='ltr'><strong>genus</strong></span> <span class='ocrx_word' id='word_1_167' title='bbox 955 3057 1072 3110; x_wconf 82' lang='lat' dir='ltr'><strong>omitte.</strong></span> 
     </span>
    </p>
   </div>
   <div class='ocr_carea' id='block_1_11' title="bbox 169 3167 1073 3344">
    <p class='ocr_par' dir='ltr' id='par_1_11' title="bbox 169 3167 1073 3344">
     <span class='ocr_line' id='line_1_25' title="bbox 169 3167 1073 3244; baseline 0.003 -21"><span class='ocrx_word' id='word_1_168' title='bbox 169 3167 215 3224; x_wconf 82' lang='lat' dir='ltr'><strong>Ac</strong></span> <span class='ocrx_word' id='word_1_169' title='bbox 242 3171 383 3244; x_wconf 88' lang='lat' dir='ltr'><strong>primurn,</strong></span> <span class='ocrx_word' id='word_1_170' title='bbox 404 3185 481 3242; x_wconf 87' lang='lat' dir='ltr'><strong>quae</strong></span> <span class='ocrx_word' id='word_1_171' title='bbox 510 3169 624 3241; x_wconf 89' lang='lat' dir='ltr'><strong>scripsi,</strong></span> <span class='ocrx_word' id='word_1_172' title='bbox 654 3185 775 3223; x_wconf 88' lang='lat' dir='ltr'><strong>mecum</strong></span> <span class='ocrx_word' id='word_1_173' title='bbox 808 3170 872 3243; x_wconf 86' lang='lat' dir='ltr'><strong>ipse</strong></span> <span class='ocrx_word' id='word_1_174' title='bbox 901 3175 1073 3243; x_wconf 84' lang='lat' dir='ltr'><strong>pertract03</strong></span> 
     </span>
     <span class='ocr_line' id='line_1_26' title="bbox 170 3293 208 3344; baseline 0 -13"><span class='ocrx_word' id='word_1_175' title='bbox 170 3293 208 3344; x_wconf 81' lang='lat'><strong>40</strong></span> 
     </span>
    </p>
   </div>
   <div class='ocr_carea' id='block_1_12' title="bbox 0 82 1189 3802">
    <p class='ocr_par' dir='ltr' id='par_1_12' title="bbox 0 82 1189 3802">
     <span class='ocr_line' id='line_1_27' title="bbox 0 82 1189 3802; baseline 0 0"><span class='ocrx_word' id='word_1_176' title='bbox 0 82 1189 3802; x_wconf 95' lang='lat' dir='ltr'><strong> </strong></span> 
     </span>
    </p>
   </div>
  </div>
 </body>
</html>
