2438 3790
351 360 440 416 THE
470 359 652 417 LETTERS
681 359 736 417 OF
765 359 892 417 PLlNY

167 539 227 596 quo
261 519 388 596 obligari
423 539 490 595 eg0,
519 539 558 576 ne
593 519 691 576 dicam
726 519 798 590 sol0,
831 528 914 579 certe
942 526 1074 580 maxime
1178 494 1180 511 Ι

167 628 309 702 possum?

209 732 299 804 Quod
314 738 338 790 si
353 734 396 790 illi
411 734 525 790 nullam
541 738 646 804 vicem,
661 733 745 790 nulla
758 708 963 810 quasi'mutua
977 735 1074 792 officia
1106 751 1111 758 ’

169 840 323 913 deberem,
352 841 534 902 sollicitarer,
562 849 666 898 tamen
701 841 750 898 vel
784 845 908 916 ingenio
942 840 1074 899 hominis
1178 898 1180 923 =

169 945 371 1022 pulcherrimo
407 955 439 1004 et
474 950 604 1002 maximo
639 954 672 1004 et
706 950 738 1002 in
766 966 883 1004 summa
910 951 1073 1005 severitate
1178 960 1180 1023 ξ

166 1052 339 1110 dulcissimo
371 1053 420 1110 vel
448 1053 609 1112 honestate
636 1057 789 1110 materiae.
833 1052 945 1111 Scribit
972 1058 1073 1112 exitus

166 1161 328 1218 illustrium
355 1165 495 1231 virorum,
523 1165 555 1216 in
579 1165 614 1218 iis
642 1160 830 1238 quorundam
858 1160 932 1217 mihi
960 1166 1074 1220 carissi-

165 1289 290 1326 morum.
335 1269 447 1326 Videor
462 1288 534 1345 ergo
549 1267 637 1345 fungi
658 1273 708 1345 pio
730 1288 866 1340 munere,
882 1288 1071 1346 quorumque

166 1379 322 1452 exsequias
347 1375 500 1433 celebrare
524 1395 585 1431 non
613 1374 709 1445 licuit,
732 1374 840 1432 horum
869 1379 953 1452 quasi
981 1375 1071 1434 fune·
1181 1387 1182 1394 ’

165 1484 267 1540 bribus
292 1482 515 1539 laudationibus
536 1485 610 1538 seris
634 1481 767 1559 quidem,
782 1482 836 1539 sed
860 1489 948 1540 tanto
970 1487 1069 1559 magis

166 1594 243 1646 veris
258 1594 413 1646 interesse.
457 1587 540 1644 Vale.

576 1799 654 1856 Xlll

395 1958 426 2016 C.
444 1958 564 2015 Puuuus
579 1934 708 2014 Garum
724 1958 784 2016 Suo
800 1958 829 2016 S.

206 2117 317 2186 Prono,
351 2114 432 2192 quod
468 2114 585 2172 libellos
619 2135 702 2172 meos
738 2135 807 2172 cum
834 2123 921 2191 patre
954 2115 1066 2192 legisti.

166 2223 304 2280 Pertinet
331 2221 370 2278 ad
397 2221 568 2298 profectum
602 2229 690 2278 tuum
725 2242 742 2278 a
770 2221 967 2280 disertissimo
1002 2227 1067 2280 viro

163 2329 288 2399 discere,
323 2329 397 2405 quid
430 2327 625 2398 laudandum,
661 2327 734 2405 quid
769 2327 1066 2403 reprehendendum,

164 2435 251 2494 simul
267 2440 309 2493 ita
323 2439 451 2506 institui,
466 2443 501 2493 ut
515 2455 620 2492 verum
634 2434 736 2492 dicere
750 2434 916 2492 adsuesces.
962 2435 1066 2507 Vides

163 2561 254 2619 quem
276 2547 371 2619 sequi,
400 2547 484 2600 cuius
506 2542 618 2599 debeas
641 2542 769 2618 implere
797 2544 931 2619 vestigia.
976 2542 1004 2599 Ο
1032 2551 1066 2621 te

162 2650 297 2720 beatum,
312 2653 361 2706 cui
385 2652 515 2725 contigit
537 2653 637 2705 vivum
658 2656 750 2724 atque
772 2649 854 2705 idem
869 2652 1018 2724 optimum
1033 2658 1067 2708 et

162 2759 440 2813 coniunctissimum
462 2753 625 2830 exemplar,
640 2758 691 2831 qui
705 2753 837 2831 denique
853 2773 923 2810 eum
945 2757 1065 2829 potissi-

161 2882 244 2920 mum
258 2862 439 2919 imitandum
453 2861 555 2931 habes,
570 2865 618 2918 cui
632 2868 740 2918 natura
753 2880 819 2918 esse
832 2868 864 2917 te
879 2860 1066 2920 simillimum

161 2969 275 3027 voluit!
318 2967 400 3024 Vale.
