2334 3686
397 217 487 276 THE
516 216 701 276 LETTERS
728 216 785 276 OF
802 216 940 274 -PLlNY

214 362 370 437 percepit;
399 357 512 415 deinde
540 357 687 434 paulatim
714 361 825 434 partim
853 356 989 433 spoliata,
1010 362 1120 434 partim

215 468 358 545 neglecta
378 488 447 526 cum
469 467 625 552 peristylio
646 466 753 525 domus
774 474 840 524 tota
860 466 991 543 collapsa
1013 475 1070 538 est,
1087 487 1119 524 ac

215 583 274 636 iam
289 598 386 656 paene
401 577 477 635 nihil
492 597 529 635 ex
544 598 581 636 ea
597 582 656 636 nisi
676 578 773 636 solum
794 585 952 655 superest;
973 578 1056 655 quod
1077 586 1120 647 tu,

215 690 347 760 domine,
369 693 432 748 sive
461 688 619 747 donaveris
642 693 757 748 civitati
781 694 844 747 sive
866 692 969 748 venire
990 693 1121 759 iusseris,

215 809 341 878 propter
367 806 628 878 opportunitatem
664 802 722 859 loci
755 821 811 878 pro
846 820 963 859 summo
993 821 1122 859 munere

214 916 351 989 accipiet.

256 1021 332 1098 Ego,
347 1025 372 1079 si
393 1026 573 1099 permiseris,
589 1027 689 1099 cogito
710 1026 743 1079 in
763 1042 833 1080 area
853 1042 946 1080 vacua
966 1022 1121 1080 balineum

216 1133 373 1204 collocare,
388 1153 459 1191 eum
474 1141 577 1191 autem
592 1134 702 1204 locum,
716 1139 823 1211 inquo
836 1134 971 1192 aedilicia
985 1133 1122 1205 fuerunt,

216 1244 328 1302 exedra
350 1254 383 1304 et
403 1247 569 1322 porticibus
589 1245 733 1322 amplecti
751 1253 843 1324 atque
862 1247 919 1304 tibi
935 1265 1123 1316 consecrare,

216 1359 301 1412 cuius
317 1356 465 1414 beneficio
485 1356 609 1434 elegans
626 1378 700 1434 opus
717 1357 905 1436 dignumque
924 1347 1050 1416 nomine
1070 1366 1123 1416 tuo

216 1467 277 1524 fiet.
325 1465 489 1542 Exemplar
516 1471 704 1540 testamenti,
725 1489 906 1546 quamquam
930 1468 1123 1537 mendosum,

215 1581 284 1635 misi
312 1578 386 1645 tibi;
411 1598 449 1635 ex
477 1598 537 1655 quo
565 1598 729 1655 cognosces
756 1579 853 1636 multa
883 1578 1072 1656 Polyaenum
1093 1583 1122 1634 in

216 1683 352 1741 eiusdem
374 1683 480 1742 domus
500 1693 641 1743 ornatum
662 1686 828 1764 reliquisse,
850 1705 936 1762 quae,
954 1693 990 1742 ut
1014 1684 1122 1742 domus

216 1795 290 1866 ipsa,
311 1793 477 1867 perierunt,
497 1812 515 1848 a
542 1812 592 1850 me
619 1800 734 1865 tamen,
755 1797 787 1849 in
808 1799 955 1872 quantum
975 1795 1123 1868 potuerit,

216 1901 416 1974 requirentur.

615 2118 716 2176 LXXI

529 2263 684 2322 Turrinus
705 2263 810 2322 Purruo

260 2415 411 2473 Possumus
446 2415 528 2492 apud
563 2417 725 2474 Prusenses
753 2435 822 2474 area
849 2421 906 2474 ista
932 2436 1002 2486 cum
1032 2417 1125 2474 domo

217 2534 357 2610 collapsa,
392 2555 483 2612 quam
517 2555 623 2593 vacare
657 2537 772 2608 scribis,
805 2535 843 2593 ad
882 2538 1125 2593 exstructionem

217 2653 330 2711 balinei
344 2659 397 2712 uti.
444 2654 524 2712 lllud
538 2662 642 2712 tamen
657 2674 762 2731 parum
779 2658 962 2730 expressisti,
974 2674 1016 2710 an
1031 2655 1126 2712 aedes

217 2777 249 2830 in
264 2774 420 2850 peristylio
435 2773 560 2831 Claudio
582 2773 662 2832 facta
684 2782 772 2832 esset.
816 2773 894 2830 Nam
915 2778 940 2831 si
961 2772 1047 2832 facta
1070 2784 1126 2842 est,

217 2891 291 2950 licet
304 2891 435 2968 collapsa
449 2897 499 2962 sit,
514 2893 620 2971 religio
635 2897 700 2954 eius
714 2896 871 2971 occupavit
884 2892 990 2951 solum.

219 3160 278 3222 370
