2334 3686
364 353 454 410 THE
483 353 667 413 LETTERS
696 353 751 412 OF
780 355 907 412 PLINY

607 587 663 643 LX

494 730 649 788 Tanarus
671 730 776 787 Pnruo

226 871 340 929 Porum
354 872 478 948 quidem
493 875 646 948 ignorasse
662 871 864 943 Domitianus,
879 875 910 928 in
925 891 985 948 quo
1006 881 1086 930 statu

183 977 265 1027 esset
287 969 470 1046 Archippus,
495 990 564 1028 cum
588 979 651 1028 tam
674 969 770 1027 multa
792 970 832 1027 ad
856 969 1001 1026 honorem
1023 974 1088 1028 eius

184 1072 370 1144 pertinentia
404 1070 568 1137 scriberet;
603 1068 656 1126 sed
691 1088 778 1126 meae
812 1077 938 1127 naturae
972 1089 1088 1125 accom-

183 1166 334 1225 modatius
364 1175 411 1225 est
435 1167 560 1225 credere
585 1172 678 1225 etiarn
701 1171 793 1225 statui
817 1171 881 1225 eius
905 1169 1089 1225 subventum

183 1269 358 1323 interventu
374 1270 528 1342 principis,
543 1270 722 1342 praesertim
736 1286 805 1324 cum
820 1269 912 1324 etiam
921 1273 1091 1324 statuarum

185 1368 213 1422 ei
224 1363 321 1422 honor
331 1369 423 1423 toties
438 1365 580 1424 decretus
590 1369 630 1423 sit
640 1366 678 1422 ab
687 1369 733 1435 iis,
748 1369 800 1444 qui
814 1385 868 1422 noa
878 1365 888 1401 ¹
898 1365 1093 1441 ignorabant,

184 1462 257 1540 quid
280 1463 319 1520 de
341 1463 394 1521 illo
410 1464 519 1522 Paulus
542 1464 701 1540 proconsul
724 1467 958 1540 pronuntiasset.
1001 1463 1092 1535 Quae

184 1568 298 1630 tamen,
323 1566 364 1618 mi
387 1561 528 1621 Secunde
549 1567 711 1634 carissime,
726 1583 788 1620 non
802 1583 839 1620 eo
853 1567 1020 1639 pertinent,
1045 1572 1093 1635 ut,
1148 1580 1152 1633 ¹,

185 1663 209 1716 si
223 1659 296 1735 quid
311 1659 355 1716 illi
369 1665 439 1717 novi
454 1665 587 1719 criminis
601 1663 740 1733 obicitur,
752 1667 851 1720 minus
865 1662 905 1720 de
916 1682 953 1720 eo
964 1662 1094 1721 audien-

184 1758 258 1815 dum
286 1766 383 1834 putes.
443 1759 576 1818 Libellos
606 1761 712 1818 Furiae
744 1761 861 1818 Primae
889 1765 1096 1832 accusatricis,

185 1861 260 1915 item
295 1861 387 1934 ipsius
422 1858 580 1935 Archippi,
614 1879 689 1935 quos
720 1858 809 1917 alteri
839 1858 989 1934 epistulae
1020 1867 1097 1918 tuae

185 1961 334 2027 iunxeras,
355 1957 426 2033 legi.

599 2212 670 2269 LXl

367 2354 398 2411 C.
423 2355 543 2412 Pnrnrus
564 2354 702 2412 Tnarauo
725 2355 913 2413 lurensronr

225 2496 270 2553 Tu
300 2497 433 2574 quidem,
461 2497 595 2567 domine,
616 2497 880 2573 providentissime
904 2502 1034 2569 vereriS,
1059 2520 1107 2557 ne

185 2595 360 2649 commissus
381 2591 496 2648 flumini
515 2598 607 2669 atque
630 2595 673 2648 ita
691 2595 766 2648 mari
788 2591 871 2648 lacus
894 2590 1018 2660 effluat·;
1044 2595 1112 2652 sed

185 2705 244 2762 ego
257 2689 289 2741 in
304 2705 336 2742 re
351 2689 503 2760 praesenti
518 2688 668 2741 invenisse
683 2684 795 2755 videor,
807 2703 899 2760 quem
913 2685 952 2742 ad
966 2686 1112 2744 modum

185 2779 256 2837 huic
277 2777 411 2854 periculo
431 2798 628 2836 occurrerem.
673 2777 778 2836 l'otest
800 2782 882 2836 enim
906 2779 989 2837 lacus
1016 2780 1115 2839 fossa

185 2893 281 2951 usque
295 2873 334 2930 ad
347 2871 460 2930 flumen
474 2872 654 2930 adduci-nec
668 2880 773 2930 tamen
793 2876 825 2929 in
846 2871 958 2930 flumen
981 2879 1116 2948 emitti,

186 2967 241 3026 sed
254 2967 361 3025 relicto
375 2971 460 3045 quasi
473 2971 609 3043 margine
629 2971 778 3025 contineri
795 2971 909 3043 pariter
931 2975 965 3025 et
981 2967 1115 3027 dirimi.

482 3084 491 3116 ¹
509 3101 561 3135 non
573 3087 635 3135 add.
651 3085 792 3139 Emeatirw.

269 3169 1123 3259 ‹fanins-,M
