2334 3686
358 359 447 418 THE
473 357 657 418 LETTERS
685 361 740 419 OF
770 357 895 417 PLINY

176 543 233 580 nec
267 531 383 580 terrore
419 521 575 579 hominum
610 528 663 577 aut
697 520 871 577 criminibus
911 523 1082 576 maiestatis

177 634 376 688 reverentiam
413 633 528 686 nomini
564 647 632 685 meo
666 631 788 704 acquiri.
852 626 971 684 Omissa
1006 645 1083 702 ergo

176 759 212 796 ea
239 742 427 816 quaestione,
449 758 539 814 quam
568 757 629 792 non
652 735 859 804 admitterem,
879 737 999 790 etiamsi
1027 753 1083 790 ex-

176 846 284 922 emplis
311 846 514 914 adiuvaretur,
535 848 613 901 ratio
640 847 734 901 totius
762 845 861 918 operis
890 841 992 898 effecti
1023 842 1084 897 sub

176 973 247 1010 cura
274 953 432 1009 Cocceiani
458 951 565 1008 Dionis
598 954 779 1020 excutiatur,
803 968 871 1005 cum
900 956 933 1005 et
964 947 1085 1004 utilitas

176 1063 307 1117 ciuitatis
335 1063 448 1135 exigat,
468 1078 525 1115 nec
554 1066 607 1115 aut
635 1064 756 1114 recuset
781 1055 862 1112 Dion
890 1061 943 1111 aut
967 1053 1086 1111 debeat

177 1186 324 1224 recusare.

551 1509 716 1565 LXXXIII

248 1657 251 1665 '
360 1644 391 1701 C.
417 1645 538 1701 Plinius
558 1644 697 1701 Tnnmno
719 1643 906 1700 Inmensum

220 1779 367 1848 RoosTm,
389 1778 521 1848 domine,
541 1799 559 1834 a
579 1779 796 1835 Nicaeensibus
818 1777 939 1854 publice
960 1796 1016 1853 per
1041 1798 1088 1847 ea,

178 1893 255 1950 quae
277 1872 350 1929 mihi
372 1881 405 1930 et
426 1881 498 1930 sunt
519 1881 551 1930 et
566 1873 682 1930 debent
697 1892 763 1930 esse
778 1874 974 1941 sanctissIma,
990 1871 1022 1928 id
1040 1880 1090 1929 est

177 1987 232 2044 per
246 1971 461 2024 aeternitatem
475 1974 561 2023 tuam
576 1964 775 2043 salutemque,
791 1974 826 2024 ut
840 1985 946 2043 preces
963 1985 1034 2022 suas
1050 1966 1090 2023 ad

177 2069 209 2118 te
224 2060 402 2137 perferrem,
416 2059 461 2117 fas
476 2080 538 2116 non
552 2064 656 2136 putavi
675 2057 788 2136 negar‘e
806 2067 1028 2136 acceptumque
1051 2061 1090 2116 ab

177 2155 225 2212 his
239 2154 376 2211 libellum
391 2154 461 2211 huic
476 2154 625 2231 epistulae
639 2157 731 2210 iunxi.

559 2363 721 2420 LXXXIV

492 2498 647 2555 Tnsmnus
670 2498 775 2554 Panno

219 2629 447 2701 Nicaeensium,
461 2634 513 2707 qui
527 2634 742 2687 intestatorum
756 2632 865 2686 civium
879 2647 1000 2686 suorum
1015 2649 1091 2686 con-

180 2743 295 2781 cessam
309 2724 545 2781 vindicationem
559 2725 707 2780 bonorum
722 2745 739 2780 a
752 2723 822 2780 divo
839 2721 979 2798 Augusto
997 2722 1091 2779 adfir-

180 2826 276 2889 mant,
291 2818 416 2876 debebis
431 2838 535 2876 vacare
551 2822 714 2876 contractis
731 2818 870 2874 omnibus
891 2820 1028 2893 personis
1051 2817 1092 2874 ad

180 2911 263 2968 idem
277 2916 435 2989 negotium
450 2913 675 2989 pertinentibus
689 2910 833 2982 adhibitis
845 2910 948 2967 Virdi0
963 2910 1092 2968 Gemel-

180 3006 244 3062 lino
272 3015 304 3064 et
333 3006 510 3082 Epimacho,
531 3007 642 3064 liberto
666 3026 744 3076 meo,
769 3006 1021 3081 procuratoribus
1046 3015 1092 3077 ut,

181 3103 348 3157 aestimatis
363 3105 456 3158 etiam
471 3105 517 3171 iis,
532 3119 609 3177 quae
625 3108 730 3157 contra
745 3099 898 3169 dicuntur,
913 3099 994 3176 quod
1008 3105 1092 3176 opti-

182 3210 265 3247 mum
279 3192 479 3263 credideritis,
493 3198 642 3251 statuatis.

211 3299 248 3352 <38
