2352 3802
338 390 427 447 THE
457 389 640 448 LETTERS
669 389 724 448 OF
751 387 877 445 PLINY

154 568 315 606 numerum
342 548 418 606 haec
447 568 517 606 cura
546 547 717 625 distringat
775 547 904 604 Interim
931 545 1062 621 publicis

156 647 248 700 servis
276 663 387 719 paucos
415 643 529 700 milites
556 641 669 699 addidi.
726 641 825 699 Video
853 649 959 698 tamen
986 645 1063 717 peri-

155 736 257 794 culum
271 755 348 807 esse,
362 756 402 793 ne
416 736 448 793 id
463 741 562 812 ipsum
576 740 712 814 utrisque
733 734 951 812 neglegentiae
972 754 1062 791 causa

155 834 204 900 sit,
226 830 299 887 dum
321 849 512 887 communem
534 829 654 905 culpam
669 828 701 885 hi
725 833 758 885 in
783 828 860 898 illos,
885 827 928 884 illi
952 832 983 884 in
1005 827 1061 886 hos

156 943 295 1001 regerere
310 944 397 1001 posse
412 923 577 982 confidunt.

575 1131 634 1188 XX

465 1264 620 1322 Tauranus
643 1263 747 1322 Panno

196 1394 290 1451 Nrrrru
316 1413 391 1470 opus
414 1401 472 1464 est,
495 1397 538 1450 mi
566 1392 707 1451 Secunde
735 1396 896 1465 carissime,
920 1392 960 1450 ad
988 1413 1060 1450 con-

155 1483 297 1541 tinendas
333 1483 484 1541 custodias
519 1483 621 1559 plures
656 1481 877 1539 commilitones
912 1488 1058 1542 converti.

158 1573 387 1630 Perseveremus
401 1577 433 1629 in
448 1592 483 1629 ea
497 1572 729 1643 consuetudine,
740 1591 817 1649 quae
828 1576 878 1630 isti
887 1576 1060 1649 provinciae

155 1671 212 1733 est,
240 1671 276 1720 ut
299 1682 355 1739 per
379 1663 516 1740 publicos
540 1682 640 1720 servos
665 1661 881 1720 custodiantur.
925 1662 1062 1734 Etenim,

155 1761 190 1810 ut
218 1751 350 1810 fideliter
374 1753 431 1810 hoc
454 1752 576 1823 faciant,
601 1757 634 1809 in
657 1759 711 1809 tua
739 1755 902 1810 severitate
929 1772 965 1809 ac
992 1751 1061 1809 dili-

154 1847 260 1919 gentia
283 1847 414 1920 positum
438 1850 492 1900 est.
538 1843 574 1899 ln
598 1846 703 1919 primis
726 1847 817 1914 enim,
843 1846 922 1901 sicut
945 1844 1060 1914 seribiS,
1155 1898 1156 1924 ,

156 1933 323 1992 verendum
349 1941 405 2004 est,
430 1953 480 2004 ne,
503 1937 526 1992 si
552 1937 792 2009 permisceantur
813 1936 907 1990 servis
931 1932 1061 2010 publicis
1155 1927 1156 1954 ³

154 2024 278 2095 milites,
300 2032 407 2082 mutua
427 2028 508 2082 inter
532 2043 565 2080 se
587 2023 696 2080 fiducia
717 2022 965 2100 neglegentiores
988 2027 1059 2081 sint.

155 2112 218 2170 Sed
231 2121 264 2170 et
279 2112 354 2170 illud
369 2113 494 2170 haereat
507 2114 603 2183 nobis,
618 2132 708 2190 quam
730 2117 923 2188 paucissimos
946 2112 1061 2170 milites

155 2222 173 2258 a
187 2206 280 2278 signis
294 2203 463 2260 avocandos
478 2219 552 2260 esse.

569 2417 644 2475 XXI

334 2549 366 2608 C.
391 2549 511 2608 Punvrus
532 2551 670 2608 Taurino
692 2550 880 2610 Inrnnrronr

196 2681 309 2740 Gaurus
351 2681 469 2755 Bassus,
506 2683 680 2759 praefectus
720 2704 790 2742 orae
832 2684 985 2754 Ponticae,
1025 2691 1061 2742 et

154 2776 398 2830 reverentissime
433 2782 467 2832 et
497 2773 720 2847 officiosissime,
747 2775 879 2846 domine,
908 2779 992 2832 venit
1018 2773 1059 2832 ad

154 2880 204 2918 me
233 2869 266 2919 et
300 2862 504 2938 compluribus
531 2863 639 2922 diebus
666 2864 725 2922 fuit
752 2885 881 2936 mecum,
909 2873 1057 2942 quantum

187 3043 200 3065 a
216 3036 259 3083 An
271 3038 424 3100 expression
436 3037 550 3086 avoided
567 3054 596 3087 aa
613 3039 776 3104 undignified
796 3040 833 3153 bp
850 3041 987 3104 Augustus
1004 3039 1060 3089 and

154 3099 195 3148 hie
213 3100 366 3151 immediate
386 3118 541 3162 successore,
564 3103 614 3153 but
632 3104 744 3152 affected
763 3105 799 3168 by
828 3109 886 3154 uter
906 3104 1058 3168 Emperors,

154 3165 247 3294 wlogse·
254 3182 343 3282 powg
355 3167 455 3232 largely
467 3168 605 3232 depended
618 3185 652 3218 on
664 3171 711 3219 the
721 3169 846 3235 goodwill
857 3169 885 3219 of
895 3169 943 3219 the
953 3185 1041 3234 army.

158 3341 215 3395 302
