2352 3802
356 388 445 446 rna
474 387 659 448 nameus
688 389 743 448 oa
768 390 896 447 parur
1146 398 1148 467 l

175 545 359 617 Gemellino,
386 550 502 622 optimo
531 550 603 618 viro,
631 550 753 618 iussisti,
782 547 838 604 sibi
862 565 983 623 quoque
1009 565 1076 603 con·
1146 502 1148 539 Ι

174 653 273 711 firmat
293 658 476 712 necessarios
499 673 564 712 esse
586 653 700 712 milites
721 673 782 713 sex.
825 653 921 710 Tresl
946 657 1076 724 interim,
1147 694 1150 755 l

174 765 252 818 sicut
286 765 471 832 inveneram,
506 765 538 818 in
572 765 740 819 ministerio
768 764 833 818 eius
861 760 1076 838 relinquendos

174 871 352 938 existimavi,
384 871 560 943 praesertim
597 887 666 924 cum
701 867 739 923 ad
775 865 963 924 frumentum
999 887 1077 924 com·

173 973 340 1048 parandum
380 977 439 1030 iret
478 977 511 1029 in
551 971 796 1048 Paphlagoniam.
862 971 945 1043 Quin
987 976 1077 1030 etiam

173 1071 290 1129 tutelae
311 1091 409 1142 causa,
425 1076 495 1149 quia
508 1070 712 1141 desiderabat,
726 1071 829 1128 addidi
851 1070 927 1128 duos
949 1075 1076 1148 equites.

176 1177 212 1236 ln
226 1179 363 1236 futurum
378 1179 452 1257 quid
466 1183 576 1236 servari
593 1177 678 1249 velis,
691 1198 765 1254 rogo
779 1179 932 1236 rescribas.
1147 1180 1152 1299 Ἰ

1150 1354 1153 1403 l

554 1488 691 1545 XXVlIl

484 1622 638 1678 Tnnmuus
662 1621 767 1677 Ptmuo

216 1753 304 1812 Nunc
332 1753 456 1829 quidem
484 1753 725 1828 proficiscentem
752 1754 791 1810 ad
819 1757 1079 1828 comparationem

173 1847 396 1905 frumentorum
412 1847 588 1918 Maximum,
603 1847 748 1905 libertum
765 1867 878 1917 meum,
894 1855 978 1904 recte
1000 1847 1079 1904 mili-

173 1933 255 1999 tibus
278 1945 456 1999 instruxisti.
502 1941 699 2017 Fungebatur
723 1946 805 1998 enim
829 1949 861 1998 et
885 1946 950 2018 ipse
976 1949 1078 1998 extra-

173 2033 323 2090 ordinario
344 2052 479 2089 munere.
523 2031 599 2088 Cum
613 2031 652 2088 ad
670 2036 831 2108 pristinum
852 2039 954 2088 actum
976 2051 1079 2089 rever-

174 2147 223 2184 sus
247 2126 350 2196 fuerit,
373 2127 521 2184 sufficient
546 2126 590 2182 illi
618 2126 679 2182 duo
706 2146 724 2181 a
751 2133 784 2182 te
812 2125 877 2182 dati
904 2124 1019 2182 milites
1047 2133 1081 2182 et

173 2219 304 2277 totidem
318 2241 336 2276 a
350 2220 454 2277 Virdio
477 2219 660 2290 Gemellino,
675 2227 869 2295 procuratore
891 2239 969 2290 meu,
985 2239 1080 2297 quem

173 2314 304 2372 adiuvat.

573 2469 679 2527 XXlX

349 2616 379 2675 C.
406 2616 526 2674 Pennus
547 2617 685 2674 Tuarnuo
709 2618 897 2674 luraunroru

215 2762 406 2820 Sunrnomus
429 2763 605 2833 Cratmuus,
629 2768 769 2840 egregius
792 2767 918 2834 iuvenis,
941 2771 1084 2840 repertos

175 2861 256 2913 inter
269 2860 383 2913 tirones
398 2857 473 2914 duos
488 2877 588 2914 servos
609 2861 692 2914 misit
712 2857 751 2914 ad
772 2876 842 2925 me;
871 2876 998 2935 quorum
1020 2878 1084 2934 ego
1156 2913 1157 2934 ,

210 2999 332 3049 lmilites
354 3016 407 3050 sex.
445 3001 509 3048 Tres
532 3001 685 3060 Mommsen,
706 3000 811 3049 milites.
850 3000 889 3048 llx
908 3001 949 3048 his
970 2999 1084 3050 interim

175 3082 202 3126 α,
216 3065 248 3126 Β,
263 3067 384 3115 lucanum
391 3073 450 3128 post
463 3065 561 3114 milites
574 3065 608 3125 K,
622 3072 678 3126 post
690 3066 798 3114 interim
810 3065 863 3114 iad.
878 3065 983 3116 Mdller.

176 3171 251 3178 ...——.

501 3232 515 3258 ⁶
531 3223 579 3275 See
591 3241 615 3273 x.
629 3225 671 3284 21,
684 3228 754 3274 note.

177 3336 236 3391 310
