2354 3802
353 328 443 386 THE
470 325 654 386 LETTERS
682 327 738 387 OF
768 327 893 386 PLlNY

170 491 301 544 maxime
329 487 494 545 imitandus
521 487 679 545 videbaris.
733 486 803 558 Quo
826 489 922 561 magis
949 483 1083 560 gaude0,

171 610 262 688 quod,
297 614 323 667 si
357 599 424 688 duis
460 610 501 667 de
540 610 648 668 studiis
689 629 798 680 senno,
840 628 900 665 una
942 611 1084 664 nomina-

170 754 248 806 mur,
271 735 352 812 quod
374 735 414 793 de
436 743 469 794 te
491 735 687 812 loquentibus
710 738 814 792 statim
837 751 968 791 occurro.
1013 731 1085 789 Nec

171 860 294 930 desunt,
309 863 361 936 qui
376 863 498 937 utrique
513 867 651 917 nostrum
665 858 884 935 praeferantur.
938 855 999 913 Sed
1014 874 1085 926 nOS,

172 982 249 1040 nihil
274 987 405 1041 interest
429 1003 497 1040 mea
522 1003 582 1060 quo
606 983 683 1055 loco,
708 986 880 1058 iungimur3
909 1000 979 1036 nam
1004 979 1085 1037 mihi

173 1111 297 1184 primuS,
312 1110 365 1184 qui
378 1127 396 1163 a
410 1114 442 1164 te
456 1111 618 1183 proximus
662 1105 852 1178 Quinetiam
867 1109 898 1161 in
913 1111 1083 1163 testamen-

172 1236 212 1289 tis
226 1231 322 1289 debes
336 1231 515 1299 adnotasse3
536 1235 594 1290 nisi
608 1236 675 1309 quis
689 1231 768 1289 forte
783 1231 922 1289 alterutri
943 1237 1084 1287 nostrum

173 1360 379 1426 amicissimus,
395 1356 502 1413 eadem
523 1355 626 1432 legata
647 1365 680 1414 et
701 1355 825 1434 quidem
839 1359 953 1432 pariter
971 1359 1083 1432 accipi-

174 1499 249 1536 mus.
327 1478 414 1551 Quae
460 1484 561 1536 omnia
595 1479 655 1538 huc
697 1487 847 1557 spectant,
882 1487 917 1536 ut
951 1483 1086 1536 invicem

174 1602 331 1659 ardentius
357 1600 529 1678 diligamus,
558 1624 627 1661 curn
654 1612 702 1661 tot
730 1602 856 1660 vinculis
884 1623 938 1660 nos
973 1603 1087 1675 studia,

174 1745 284 1796 mores
312 1725 401 1798 fama,
436 1746 577 1804 suprema
611 1727 745 1805 denique
780 1727 938 1784 hominum
972 1726 1088 1784 iudicia

176 1853 397 1926 constringant.
441 1849 525 1908 Vale.

587 2097 660 2153 XXI

391 2263 422 2320 C.
448 2262 569 2320 Pinnos
591 2265 737 2322 Conuuro
759 2264 821 2322 Suo
843 2265 871 2323 S.

221 2421 331 2491 Plano,
360 2420 477 2497 collega
498 2426 660 2493 carissime,
675 2431 707 2480 et
728 2423 897 2482 infirmitati
919 2426 1088 2495 oculorum,

179 2553 214 2602 ut
242 2545 337 2614 iubae,
366 2544 496 2602 consulo
553 2544 632 2602 Nam
668 2555 700 2604 et
734 2547 794 2605 huc
829 2556 913 2606 tecto
947 2547 1088 2606 vehiculo
1161 2559 1162 2594 ῑ

180 2667 315 2744 undique
338 2666 472 2724 inclusus
496 2671 580 2743 quasi
603 2671 635 2723 in
658 2669 797 2726 cubiculo
821 2674 946 2746 perveni
976 2676 1009 2728 et
1037 2670 1087 2727 hic

181 2810 243 2847 non
259 2789 329 2848 stilo
354 2790 453 2861 modo,
468 2809 573 2848 verum
596 2795 688 2849 etiam
711 2793 893 2852 lectionibus
915 2794 1091 2869 difficulter,
1161 2825 1162 2832 κ

180 2914 235 2972 sed
269 2915 408 2971 abstineo
443 2914 572 2990 solisque
606 2917 727 2974 auribus
762 2917 878 2975 studeo
943 2917 1089 2975 Cubicula
1161 2943 1162 2984 ι

180 3039 320 3096 obductis
355 3037 428 3095 velis
470 3057 562 3113 opaca
597 3058 654 3094 nec
695 3048 798 3098 tamen
840 3041 966 3098 obscura
1000 3040 1086 3098 facio.

182 3162 429 3238 Cryptoporticus
444 3181 564 3239 quoque
573 3163 727 3239 adopertis
741 3165 931 3223 inferioribus
946 3165 1089 3224 fenestris

184 3286 222 3345 54
