2334 3686
327 220 416 278 THE
445 219 629 280 LETTERS
659 221 714 280 OF
743 221 870 280 PLINY

186 378 252 455 Ego
279 398 297 434 a
324 377 485 436 destinatis
513 380 697 450 censoribus,
725 379 799 456 quid
826 384 982 452 sentirem,
1005 385 1053 438 in-

145 480 316 550 terrogatus
339 491 391 530 eos
415 472 548 549 quidem,
570 477 622 549 qui
650 477 781 531 minores
809 477 936 550 triginta
962 479 1053 532 annis

145 570 311 643 gessissent
337 570 559 646 magistratum,
580 567 725 642 putabam
746 586 835 644 posse
856 571 888 624 in
910 576 1053 626 senatum

146 668 179 718 et
207 659 374 718 secundum
396 658 530 718 edictum
553 662 685 738 Augusti
707 667 740 717 et
761 659 928 717 secundum
949 659 1054 739 legem

148 755 320 830 Pompeiam
334 753 406 828 legi,
418 757 560 830 quoniam
572 752 729 830 Augustus
741 773 848 830 gerere
857 758 1054 830 magistratus

144 848 311 905 minoribus
331 851 418 904 annis
438 851 566 923 triginta
587 851 784 924 permisisset,
808 848 858 905 lex
879 855 1054 905 senatorem

146 961 212 1000 esse
240 941 393 1011 voluisset,
422 945 474 1018 qui
501 945 646 1018 gessisset
673 945 894 1018 magistratum.
938 940 988 998 De·
1015 945 1055 1000 iis

145 1044 258 1106 autern,
286 1039 338 1112 qui
366 1055 428 1092 non
455 1039 629 1112 gessissent,
657 1040 793 1113 quamvis
816 1043 920 1094 essent
940 1041 1055 1095 aetatis

146 1130 283 1188 eiusdem
311 1132 395 1186 cuius
431 1129 485 1199 illi,
514 1131 623 1207 quibus
651 1150 758 1206 gerere
786 1134 964 1207 permissum
993 1139 1054 1203 est,
1113 1201 1117 1208 ,

145 1224 332 1281 haesitabam
343 1245 351 1296 3
372 1243 427 1300 per
448 1224 528 1300 quod
550 1225 693 1281 effectum
714 1231 772 1296 est,
796 1232 832 1282 ut
851 1232 895 1294 te,
916 1224 1053 1295 domine,

146 1317 345 1386 consulerem,
359 1317 432 1394 quid
446 1317 597 1374 observari
613 1317 714 1374 velles
759 1317 865 1394 Capita
882 1317 968 1395 legiS,
983 1326 1052 1376 turn

146 1412 280 1469 edictum
295 1411 437 1488 Augusti,
452 1412 563 1470 litteris
577 1413 699 1470 subieci.

544 1685 660 1744 LXXX

456 1841 611 1900 Turrinus
634 1843 738 1901 Pnuuo

188 2002 463 2060 Inrnnrnnmrrour
486 2009 566 2072 tuae,
581 2006 623 2058 mi
638 2001 777 2060 Secunde
793 2005 953 2073 carissime,
968 2001 1053 2060 idem
1148 2035 1149 2040 κ

146 2113 286 2167 existimo
299 2108 457 2179 hactenus
472 2109 574 2166 edicto
587 2109 649 2165 divi
667 2110 799 2185 Augusti
820 2117 961 2166 novatam
984 2129 1052 2168 esse

145 2214 247 2290 legem
282 2214 456 2290 Pompeiam
488 2223 523 2272 ut
549 2219 760 2291 magistratum
788 2216 912 2292 quidem
940 2236 1052 2292 capere

146 2323 262 2397 possint
275 2325 305 2391 ii,
321 2325 373 2397 qui
391 2340 453 2378 non
472 2325 603 2379 minores
624 2321 752 2378 duorum
774 2330 807 2380 et
826 2325 936 2398 viginti
956 2343 1052 2381 anno-

146 2447 212 2484 rum
237 2436 348 2498 essent,
371 2436 412 2498 et,
434 2432 486 2505 qui
507 2432 669 2504 cepissent,
691 2431 723 2484 in
744 2436 884 2486 senatum
905 2431 1052 2506 cuiusque

146 2539 276 2594 civitatis
290 2539 486 2613 pervenirent
528 2535 671 2593 Ceterum
686 2555 748 2592 non
763 2543 852 2611 capto
869 2539 1052 2612 magistratu

146 2663 206 2714 eos
229 2647 280 2719 qui
301 2647 432 2700 minores
453 2647 580 2719 triginta
600 2662 747 2699 annorum
769 2646 839 2713 sint,
854 2646 924 2719 quia
943 2647 1054 2719 magis-

146 2759 260 2807 tratum
279 2770 387 2826 capere
407 2754 532 2826 possint,
547 2753 579 2806 in
599 2753 712 2805 curiam
726 2752 819 2807 etiarn
832 2747 892 2806 loci
905 2751 1053 2826 cuiusque

146 2877 207 2913 non
222 2860 361 2914 existimo
375 2856 437 2933 legi
451 2875 547 2932 posse.
