<?xml version="1.0" encoding="UTF-8"?>
<!DOCTYPE html PUBLIC "-//W3C//DTD XHTML 1.0 Transitional//EN"
    "http://www.w3.org/TR/xhtml1/DTD/xhtml1-transitional.dtd">
<html xmlns="http://www.w3.org/1999/xhtml" xml:lang="en" lang="en">
 <head>
  <title>
</title>
<meta http-equiv="Content-Type" content="text/html;charset=utf-8" />
  <meta name='ocr-system' content='tesseract 3.04.00' />
  <meta name='ocr-capabilities' content='ocr_page ocr_carea ocr_par ocr_line ocrx_word'/>
</head>
<body>
  <div class='ocr_page' id='page_1' title='image "./letters00hutcgoog_0111.png"; bbox 0 0 2438 3790; ppageno 0'>
   <div class='ocr_carea' id='block_1_1' title="bbox 406 351 1001 442">
    <p class='ocr_par' dir='ltr' id='par_1_1' title="bbox 406 351 1001 442">
     <span class='ocr_line' id='line_1_1' title="bbox 406 351 1001 442; baseline -0.003 -2"><span class='ocrx_word' id='word_1_1' title='bbox 406 351 505 440; x_wconf 76' lang='lat' dir='ltr'><strong>&#39;run</strong></span> <span class='ocrx_word' id='word_1_2' title='bbox 534 383 717 442; x_wconf 80' lang='lat' dir='ltr'>LETTERS</span> <span class='ocrx_word' id='word_1_3' title='bbox 745 384 800 441; x_wconf 79' lang='lat' dir='ltr'><strong>or</strong></span> <span class='ocrx_word' id='word_1_4' title='bbox 829 382 956 440; x_wconf 82' lang='lat' dir='ltr'><strong>rmnr</strong></span> <span class='ocrx_word' id='word_1_5' title='bbox 998 411 1001 418; x_wconf 76' lang='lat'><em>‚</em></span> 
     </span>
    </p>
   </div>
   <div class='ocr_carea' id='block_1_2' title="bbox 456 590 914 810">
    <p class='ocr_par' dir='ltr' id='par_1_2' title="bbox 456 590 914 810">
     <span class='ocr_line' id='line_1_2' title="bbox 672 590 699 644; baseline 0 0"><span class='ocrx_word' id='word_1_6' title='bbox 672 590 699 644; x_wconf 94' lang='lat' dir='ltr'>V</span> 
     </span>
     <span class='ocr_line' id='line_1_3' title="bbox 456 745 914 810; baseline 0 -8"><span class='ocrx_word' id='word_1_7' title='bbox 456 746 486 803; x_wconf 92' lang='lat' dir='ltr'><strong>C.</strong></span> <span class='ocrx_word' id='word_1_8' title='bbox 512 747 639 810; x_wconf 84' lang='lat' dir='ltr'><strong>Puruus¹</strong></span> <span class='ocrx_word' id='word_1_9' title='bbox 656 746 780 802; x_wconf 75' lang='lat' dir='ltr'><strong>Gauruo</strong></span> <span class='ocrx_word' id='word_1_10' title='bbox 802 745 863 802; x_wconf 88' lang='lat' dir='ltr'><strong>Suo</strong></span> <span class='ocrx_word' id='word_1_11' title='bbox 886 745 914 804; x_wconf 92' lang='lat' dir='ltr'><strong>S.</strong></span> 
     </span>
    </p>
   </div>
   <div class='ocr_carea' id='block_1_3' title="bbox 234 903 1144 1086">
    <p class='ocr_par' dir='ltr' id='par_1_3' title="bbox 234 903 1144 1086">
     <span class='ocr_line' id='line_1_4' title="bbox 276 903 1144 981; baseline 0.001 -22"><span class='ocrx_word' id='word_1_12' title='bbox 276 904 383 960; x_wconf 74' lang='lat' dir='ltr'><strong>Ganvu</strong></span> <span class='ocrx_word' id='word_1_13' title='bbox 413 903 520 960; x_wconf 89' lang='lat' dir='ltr'><strong>vulnus</strong></span> <span class='ocrx_word' id='word_1_14' title='bbox 549 903 703 960; x_wconf 82' lang='lat' dir='ltr'><strong>Macrinus</strong></span> <span class='ocrx_word' id='word_1_15' title='bbox 731 910 835 960; x_wconf 89' lang='lat' dir='ltr'><strong>noster</strong></span> <span class='ocrx_word' id='word_1_16' title='bbox 859 907 985 981; x_wconf 87' lang='lat' dir='ltr'><strong>accepit.</strong></span> <span class='ocrx_word' id='word_1_17' title='bbox 1029 903 1144 961; x_wconf 82' lang='lat' dir='ltr'><strong>Amisit</strong></span> 
     </span>
     <span class='ocr_line' id='line_1_5' title="bbox 234 1008 1140 1086; baseline 0.001 -20"><span class='ocrx_word' id='word_1_18' title='bbox 234 1030 359 1067; x_wconf 89' lang='lat' dir='ltr'><strong>uxorem</strong></span> <span class='ocrx_word' id='word_1_19' title='bbox 394 1008 553 1085; x_wconf 84' lang='lat' dir='ltr'><strong>singularis</strong></span> <span class='ocrx_word' id='word_1_20' title='bbox 588 1009 730 1086; x_wconf 87' lang='lat' dir='ltr'><strong>exempli,</strong></span> <span class='ocrx_word' id='word_1_21' title='bbox 767 1013 884 1067; x_wconf 89' lang='lat' dir='ltr'><strong>etiamsi</strong></span> <span class='ocrx_word' id='word_1_22' title='bbox 915 1009 988 1067; x_wconf 87' lang='lat' dir='ltr'><strong>olim</strong></span> <span class='ocrx_word' id='word_1_23' title='bbox 1022 1009 1140 1068; x_wconf 86' lang='lat' dir='ltr'><strong>fuisset.</strong></span> 
     </span>
    </p>
   </div>
   <div class='ocr_carea' id='block_1_4' title="bbox 235 1115 1217 1193">
    <p class='ocr_par' dir='ltr' id='par_1_4' title="bbox 235 1115 1217 1193">
     <span class='ocr_line' id='line_1_6' title="bbox 235 1115 1217 1193; baseline 0.003 -21"><span class='ocrx_word' id='word_1_24' title='bbox 235 1117 319 1174; x_wconf 86' lang='lat' dir='ltr'><strong>Vixit</strong></span> <span class='ocrx_word' id='word_1_25' title='bbox 334 1137 402 1172; x_wconf 91' lang='lat' dir='ltr'><strong>cum</strong></span> <span class='ocrx_word' id='word_1_26' title='bbox 417 1115 473 1172; x_wconf 88' lang='lat' dir='ltr'><strong>hac</strong></span> <span class='ocrx_word' id='word_1_27' title='bbox 487 1119 615 1191; x_wconf 88' lang='lat' dir='ltr'><strong>triginta</strong></span> <span class='ocrx_word' id='word_1_28' title='bbox 628 1136 739 1174; x_wconf 89' lang='lat' dir='ltr'><strong>novem</strong></span> <span class='ocrx_word' id='word_1_29' title='bbox 752 1119 840 1172; x_wconf 87' lang='lat' dir='ltr'><strong>annis</strong></span> <span class='ocrx_word' id='word_1_30' title='bbox 859 1120 924 1174; x_wconf 90' lang='lat' dir='ltr'><strong>sine</strong></span> <span class='ocrx_word' id='word_1_31' title='bbox 946 1121 1053 1193; x_wconf 88' lang='lat' dir='ltr'><strong>iurgio,</strong></span> <span class='ocrx_word' id='word_1_32' title='bbox 1074 1120 1143 1175; x_wconf 93' lang='lat' dir='ltr'><strong>sine</strong></span> <span class='ocrx_word' id='word_1_33' title='bbox 1216 1129 1217 1166; x_wconf 63' lang='lat' dir='ltr'><strong>i</strong></span> 
     </span>
    </p>
   </div>
   <div class='ocr_carea' id='block_1_5' title="bbox 234 1221 1146 2384">
    <p class='ocr_par' dir='ltr' id='par_1_5' title="bbox 234 1221 1144 1600">
     <span class='ocr_line' id='line_1_7' title="bbox 235 1221 1143 1299; baseline 0.001 -20"><span class='ocrx_word' id='word_1_34' title='bbox 235 1223 356 1279; x_wconf 87' lang='lat' dir='ltr'><strong>offensa.</strong></span> <span class='ocrx_word' id='word_1_35' title='bbox 400 1221 500 1292; x_wconf 84' lang='lat' dir='ltr'><strong>Quam</strong></span> <span class='ocrx_word' id='word_1_36' title='bbox 514 1222 566 1278; x_wconf 87' lang='lat' dir='ltr'><strong>illa</strong></span> <span class='ocrx_word' id='word_1_37' title='bbox 580 1227 782 1280; x_wconf 85' lang='lat' dir='ltr'><strong>reverentiam</strong></span> <span class='ocrx_word' id='word_1_38' title='bbox 794 1226 902 1280; x_wconf 88' lang='lat' dir='ltr'><strong>marito</strong></span> <span class='ocrx_word' id='word_1_39' title='bbox 913 1243 967 1280; x_wconf 91' lang='lat' dir='ltr'><strong>suo</strong></span> <span class='ocrx_word' id='word_1_40' title='bbox 978 1227 1143 1299; x_wconf 87' lang='lat' dir='ltr'><strong>praestitit,</strong></span> 
     </span>
     <span class='ocr_line' id='line_1_8' title="bbox 235 1330 1142 1408; baseline 0.002 -22"><span class='ocrx_word' id='word_1_41' title='bbox 235 1349 304 1386; x_wconf 89' lang='lat' dir='ltr'><strong>cum</strong></span> <span class='ocrx_word' id='word_1_42' title='bbox 339 1333 403 1404; x_wconf 91' lang='lat' dir='ltr'><strong>ipsa</strong></span> <span class='ocrx_word' id='word_1_43' title='bbox 437 1348 585 1385; x_wconf 90' lang='lat' dir='ltr'><strong>summam</strong></span> <span class='ocrx_word' id='word_1_44' title='bbox 619 1330 805 1387; x_wconf 86' lang='lat' dir='ltr'><strong>mereretur!</strong></span> <span class='ocrx_word' id='word_1_45' title='bbox 841 1337 916 1407; x_wconf 90' lang='lat' dir='ltr'><strong>quot</strong></span> <span class='ocrx_word' id='word_1_46' title='bbox 951 1338 1142 1408; x_wconf 89' lang='lat' dir='ltr'><strong>quantasque</strong></span> 
     </span>
     <span class='ocr_line' id='line_1_9' title="bbox 234 1435 1144 1512; baseline 0.003 -21"><span class='ocrx_word' id='word_1_47' title='bbox 234 1440 362 1493; x_wconf 90' lang='lat' dir='ltr'><strong>virtutes</strong></span> <span class='ocrx_word' id='word_1_48' title='bbox 394 1455 430 1492; x_wconf 89' lang='lat' dir='ltr'><strong>ex</strong></span> <span class='ocrx_word' id='word_1_49' title='bbox 459 1435 585 1493; x_wconf 89' lang='lat' dir='ltr'><strong>diversis</strong></span> <span class='ocrx_word' id='word_1_50' title='bbox 612 1437 764 1494; x_wconf 84' lang='lat' dir='ltr'><strong>aetatibus</strong></span> <span class='ocrx_word' id='word_1_51' title='bbox 792 1444 927 1512; x_wconf 79' lang='lat' dir='ltr'><strong>sumptas</strong></span> <span class='ocrx_word' id='word_1_52' title='bbox 955 1436 1080 1512; x_wconf 85' lang='lat' dir='ltr'><strong>collegit</strong></span> <span class='ocrx_word' id='word_1_53' title='bbox 1109 1444 1144 1494; x_wconf 91' lang='lat' dir='ltr'><strong>et</strong></span> 
     </span>
     <span class='ocr_line' id='line_1_10' title="bbox 234 1544 372 1600; baseline -0.014 0"><span class='ocrx_word' id='word_1_54' title='bbox 234 1544 372 1600; x_wconf 83' lang='lat' dir='ltr'><strong>miscuit!</strong></span> 
     </span>
    </p>

    <p class='ocr_par' dir='ltr' id='par_1_6' title="bbox 234 1650 1146 2384">
     <span class='ocr_line' id='line_1_11' title="bbox 277 1650 1143 1728; baseline 0.001 -22"><span class='ocrx_word' id='word_1_55' title='bbox 277 1651 382 1707; x_wconf 83' lang='lat' dir='ltr'><strong>Habet</strong></span> <span class='ocrx_word' id='word_1_56' title='bbox 410 1651 534 1728; x_wconf 91' lang='lat' dir='ltr'><strong>quidem</strong></span> <span class='ocrx_word' id='word_1_57' title='bbox 558 1651 712 1708; x_wconf 80' lang='lat' dir='ltr'><strong>Macrinus</strong></span> <span class='ocrx_word' id='word_1_58' title='bbox 739 1650 855 1727; x_wconf 85' lang='lat' dir='ltr'><strong>grande</strong></span> <span class='ocrx_word' id='word_1_59' title='bbox 881 1650 1034 1721; x_wconf 89' lang='lat' dir='ltr'><strong>solacium,</strong></span> <span class='ocrx_word' id='word_1_60' title='bbox 1059 1650 1143 1727; x_wconf 91' lang='lat' dir='ltr'><strong>quod</strong></span> 
     </span>
     <span class='ocr_line' id='line_1_12' title="bbox 234 1756 1144 1833; baseline -0.002 -18"><span class='ocrx_word' id='word_1_61' title='bbox 234 1766 357 1816; x_wconf 88' lang='lat' dir='ltr'><strong>tautum</strong></span> <span class='ocrx_word' id='word_1_62' title='bbox 392 1759 506 1815; x_wconf 91' lang='lat' dir='ltr'><strong>bonurn</strong></span> <span class='ocrx_word' id='word_1_63' title='bbox 532 1766 597 1815; x_wconf 89' lang='lat' dir='ltr'><strong>tarn</strong></span> <span class='ocrx_word' id='word_1_64' title='bbox 625 1759 677 1816; x_wconf 92' lang='lat' dir='ltr'><strong>diu</strong></span> <span class='ocrx_word' id='word_1_65' title='bbox 709 1762 829 1826; x_wconf 84' lang='lat' dir='ltr'><strong>tenuit3</strong></span> <span class='ocrx_word' id='word_1_66' title='bbox 864 1756 917 1814; x_wconf 91' lang='lat' dir='ltr'><strong>sed</strong></span> <span class='ocrx_word' id='word_1_67' title='bbox 953 1757 1010 1814; x_wconf 89' lang='lat' dir='ltr'><strong>hoc</strong></span> <span class='ocrx_word' id='word_1_68' title='bbox 1044 1761 1144 1833; x_wconf 86' lang='lat' dir='ltr'><strong>magis</strong></span> 
     </span>
     <span class='ocr_line' id='line_1_13' title="bbox 234 1865 1146 1944; baseline -0.001 -21"><span class='ocrx_word' id='word_1_69' title='bbox 234 1867 441 1937; x_wconf 81' lang='lat' dir='ltr'><strong>exacerbatur,</strong></span> <span class='ocrx_word' id='word_1_70' title='bbox 464 1866 545 1944; x_wconf 91' lang='lat' dir='ltr'><strong>quod</strong></span> <span class='ocrx_word' id='word_1_71' title='bbox 568 1871 675 1924; x_wconf 90' lang='lat' dir='ltr'><strong>amisit.</strong></span> <span class='ocrx_word' id='word_1_72' title='bbox 720 1867 799 1922; x_wconf 87' lang='lat' dir='ltr'><strong>Nam</strong></span> <span class='ocrx_word' id='word_1_73' title='bbox 821 1865 957 1923; x_wconf 88' lang='lat' dir='ltr'><strong>fruendis</strong></span> <span class='ocrx_word' id='word_1_74' title='bbox 981 1865 1146 1941; x_wconf 86' lang='lat' dir='ltr'><strong>voluptati-</strong></span> 
     </span>
     <span class='ocr_line' id='line_1_14' title="bbox 234 1975 1144 2050; baseline -0.002 -18"><span class='ocrx_word' id='word_1_75' title='bbox 234 1977 290 2032; x_wconf 91' lang='lat' dir='ltr'><strong>bus</strong></span> <span class='ocrx_word' id='word_1_76' title='bbox 312 1980 419 2033; x_wconf 91' lang='lat' dir='ltr'><strong>crescit</strong></span> <span class='ocrx_word' id='word_1_77' title='bbox 441 1975 563 2032; x_wconf 87' lang='lat' dir='ltr'><strong>carendi</strong></span> <span class='ocrx_word' id='word_1_78' title='bbox 585 1975 678 2032; x_wconf 91' lang='lat' dir='ltr'><strong>dolor.</strong></span> <span class='ocrx_word' id='word_1_79' title='bbox 723 1975 782 2032; x_wconf 87' lang='lat' dir='ltr'><strong>Ero</strong></span> <span class='ocrx_word' id='word_1_80' title='bbox 805 1995 878 2050; x_wconf 89' lang='lat' dir='ltr'><strong>ergo</strong></span> <span class='ocrx_word' id='word_1_81' title='bbox 903 1993 1065 2050; x_wconf 91' lang='lat' dir='ltr'><strong>suspensus</strong></span> <span class='ocrx_word' id='word_1_82' title='bbox 1086 1993 1144 2049; x_wconf 88' lang='lat' dir='ltr'><strong>pro</strong></span> 
     </span>
     <span class='ocr_line' id='line_1_15' title="bbox 234 2081 1145 2152; baseline 0 -14"><span class='ocrx_word' id='word_1_83' title='bbox 234 2082 358 2140; x_wconf 92' lang='lat' dir='ltr'><strong>homine</strong></span> <span class='ocrx_word' id='word_1_84' title='bbox 386 2086 573 2152; x_wconf 89' lang='lat' dir='ltr'><strong>amicissimo,</strong></span> <span class='ocrx_word' id='word_1_85' title='bbox 598 2082 672 2138; x_wconf 92' lang='lat' dir='ltr'><strong>dum</strong></span> <span class='ocrx_word' id='word_1_86' title='bbox 696 2081 860 2138; x_wconf 86' lang='lat' dir='ltr'><strong>admittere</strong></span> <span class='ocrx_word' id='word_1_87' title='bbox 884 2081 1080 2137; x_wconf 87' lang='lat' dir='ltr'><strong>avocamenta</strong></span> <span class='ocrx_word' id='word_1_88' title='bbox 1109 2088 1145 2138; x_wconf 86' lang='lat' dir='ltr'><strong>et</strong></span> 
     </span>
     <span class='ocr_line' id='line_1_16' title="bbox 236 2187 1144 2265; baseline -0.001 -20"><span class='ocrx_word' id='word_1_89' title='bbox 236 2193 407 2246; x_wconf 86' lang='lat' dir='ltr'><strong>cicatricem</strong></span> <span class='ocrx_word' id='word_1_90' title='bbox 423 2193 487 2265; x_wconf 92' lang='lat' dir='ltr'><strong>pati</strong></span> <span class='ocrx_word' id='word_1_91' title='bbox 501 2193 604 2265; x_wconf 88' lang='lat' dir='ltr'><strong>possit,</strong></span> <span class='ocrx_word' id='word_1_92' title='bbox 620 2208 710 2265; x_wconf 90' lang='lat' dir='ltr'><strong>quam</strong></span> <span class='ocrx_word' id='word_1_93' title='bbox 725 2187 800 2244; x_wconf 88' lang='lat' dir='ltr'><strong>nihil</strong></span> <span class='ocrx_word' id='word_1_94' title='bbox 815 2208 912 2265; x_wconf 91' lang='lat' dir='ltr'><strong>aeque</strong></span> <span class='ocrx_word' id='word_1_95' title='bbox 927 2208 962 2244; x_wconf 89' lang='lat' dir='ltr'><strong>ac</strong></span> <span class='ocrx_word' id='word_1_96' title='bbox 976 2191 1144 2244; x_wconf 80' lang='lat' dir='ltr'><strong>necessitas</strong></span> 
     </span>
     <span class='ocr_line' id='line_1_17' title="bbox 236 2293 1142 2384; baseline -0.001 -33"><span class='ocrx_word' id='word_1_97' title='bbox 236 2300 300 2371; x_wconf 91' lang='lat' dir='ltr'><strong>ipsa</strong></span> <span class='ocrx_word' id='word_1_98' title='bbox 335 2304 367 2352; x_wconf 89' lang='lat' dir='ltr'><strong>et</strong></span> <span class='ocrx_word' id='word_1_99' title='bbox 401 2295 480 2384; x_wconf 25' lang='lat' dir='ltr'><strong>dies.</strong></span> <span class='ocrx_word' id='word_1_100' title='bbox 502 2295 593 2372; x_wconf 85' lang='lat' dir='ltr'><strong>longa</strong></span> <span class='ocrx_word' id='word_1_101' title='bbox 628 2303 661 2352; x_wconf 92' lang='lat' dir='ltr'><strong>et</strong></span> <span class='ocrx_word' id='word_1_102' title='bbox 700 2299 823 2352; x_wconf 82' lang='lat' dir='ltr'><strong>satietas</strong></span> <span class='ocrx_word' id='word_1_103' title='bbox 863 2293 974 2351; x_wconf 92' lang='lat' dir='ltr'><strong>doloris</strong></span> <span class='ocrx_word' id='word_1_104' title='bbox 1013 2294 1142 2351; x_wconf 88' lang='lat' dir='ltr'><strong>inducit.</strong></span> 
     </span>
    </p>
   </div>
   <div class='ocr_carea' id='block_1_6' title="bbox 238 2402 711 2615">
    <p class='ocr_par' dir='ltr' id='par_1_7' title="bbox 238 2402 711 2615">
     <span class='ocr_line' id='line_1_18' title="bbox 238 2402 321 2459; baseline 0 -1"><span class='ocrx_word' id='word_1_105' title='bbox 238 2402 321 2459; x_wconf 88' lang='lat' dir='ltr'><strong>Vale.</strong></span> 
     </span>
     <span class='ocr_line' id='line_1_19' title="bbox 668 2560 711 2615; baseline 0 0"><span class='ocrx_word' id='word_1_106' title='bbox 668 2560 711 2615; x_wconf 89' lang='lat' dir='ltr'><strong>VI</strong></span> 
     </span>
    </p>
   </div>
   <div class='ocr_carea' id='block_1_7' title="bbox 439 2703 928 2762">
    <p class='ocr_par' dir='ltr' id='par_1_8' title="bbox 439 2703 928 2762">
     <span class='ocr_line' id='line_1_20' title="bbox 439 2703 928 2762; baseline -0.004 0"><span class='ocrx_word' id='word_1_107' title='bbox 439 2706 470 2762; x_wconf 93' lang='lat' dir='ltr'><strong>C.</strong></span> <span class='ocrx_word' id='word_1_108' title='bbox 496 2705 616 2761; x_wconf 81' lang='lat' dir='ltr'><strong>Pnuuus</strong></span> <span class='ocrx_word' id='word_1_109' title='bbox 640 2704 795 2761; x_wconf 73' lang='lat' dir='ltr'><strong>Mournuo</strong></span> <span class='ocrx_word' id='word_1_110' title='bbox 816 2703 877 2760; x_wconf 82' lang='lat' dir='ltr'><strong>Suo</strong></span> <span class='ocrx_word' id='word_1_111' title='bbox 900 2703 928 2761; x_wconf 90' lang='lat' dir='ltr'><strong>S.</strong></span> 
     </span>
    </p>
   </div>
   <div class='ocr_carea' id='block_1_8' title="bbox 236 2847 1146 3249">
    <p class='ocr_par' dir='ltr' id='par_1_9' title="bbox 236 2847 1146 3249">
     <span class='ocr_line' id='line_1_21' title="bbox 277 2847 1145 2931; baseline -0.001 -24"><span class='ocrx_word' id='word_1_112' title='bbox 277 2850 459 2907; x_wconf 80' lang='lat' dir='ltr'><strong>Coouovrsss</strong></span> <span class='ocrx_word' id='word_1_113' title='bbox 480 2854 539 2905; x_wconf 92' lang='lat' dir='ltr'><strong>iam</strong></span> <span class='ocrx_word' id='word_1_114' title='bbox 562 2869 598 2904; x_wconf 89' lang='lat' dir='ltr'><strong>ex</strong></span> <span class='ocrx_word' id='word_1_115' title='bbox 622 2848 752 2931; x_wconf 78' lang='lat' dir='ltr'><strong>epistuia</strong></span> <span class='ocrx_word' id='word_1_116' title='bbox 774 2869 842 2906; x_wconf 92' lang='lat' dir='ltr'><strong>mea</strong></span> <span class='ocrx_word' id='word_1_117' title='bbox 864 2848 958 2906; x_wconf 92' lang='lat' dir='ltr'><strong>debes</strong></span> <span class='ocrx_word' id='word_1_118' title='bbox 981 2847 1145 2906; x_wconf 87' lang='lat' dir='ltr'><strong>adnotasse</strong></span> 
     </span>
     <span class='ocr_line' id='line_1_22' title="bbox 236 2955 1146 3035; baseline -0.003 -20"><span class='ocrx_word' id='word_1_119' title='bbox 236 2979 286 3016; x_wconf 91' lang='lat' dir='ltr'><strong>me</strong></span> <span class='ocrx_word' id='word_1_120' title='bbox 314 2979 412 3035; x_wconf 90' lang='lat' dir='ltr'><strong>nuper</strong></span> <span class='ocrx_word' id='word_1_121' title='bbox 434 2964 667 3014; x_wconf 89' lang='lat' dir='ltr'><strong>monumentum</strong></span> <span class='ocrx_word' id='word_1_122' title='bbox 693 2955 836 3013; x_wconf 88' lang='lat' dir='ltr'><strong>Pallantis</strong></span> <span class='ocrx_word' id='word_1_123' title='bbox 859 2958 915 3013; x_wconf 90' lang='lat' dir='ltr'><strong>sub</strong></span> <span class='ocrx_word' id='word_1_124' title='bbox 939 2956 996 3012; x_wconf 90' lang='lat' dir='ltr'><strong>hac</strong></span> <span class='ocrx_word' id='word_1_125' title='bbox 1020 2960 1146 3032; x_wconf 86' lang='lat' dir='ltr'><strong>inscrip-</strong></span> 
     </span>
     <span class='ocr_line' id='line_1_23' title="bbox 236 3062 1145 3138; baseline -0.004 -16"><span class='ocrx_word' id='word_1_126' title='bbox 236 3069 339 3122; x_wconf 91' lang='lat' dir='ltr'><strong>tione:</strong></span> <span class='ocrx_word' id='word_1_127' title='bbox 368 3066 471 3122; x_wconf 87' lang='lat' dir='ltr'><strong>‘Huic</strong></span> <span class='ocrx_word' id='word_1_128' title='bbox 500 3071 623 3122; x_wconf 85' lang='lat' dir='ltr'><strong>senatus</strong></span> <span class='ocrx_word' id='word_1_129' title='bbox 651 3064 690 3119; x_wconf 93' lang='lat' dir='ltr'><strong>ob</strong></span> <span class='ocrx_word' id='word_1_130' title='bbox 712 3062 803 3119; x_wconf 87' lang='lat' dir='ltr'><strong>fidem</strong></span> <span class='ocrx_word' id='word_1_131' title='bbox 831 3066 1040 3138; x_wconf 89' lang='lat' dir='ltr'><strong>pietatemque</strong></span> <span class='ocrx_word' id='word_1_132' title='bbox 1070 3081 1145 3138; x_wconf 87' lang='lat' dir='ltr'><strong>erga</strong></span> 
     </span>
     <span class='ocr_line' id='line_1_24' title="bbox 237 3169 1144 3249; baseline -0.003 -20"><span class='ocrx_word' id='word_1_133' title='bbox 237 3180 379 3249; x_wconf 87' lang='lat' dir='ltr'><strong>patronos</strong></span> <span class='ocrx_word' id='word_1_134' title='bbox 393 3178 572 3228; x_wconf 87' lang='lat' dir='ltr'><strong>ornamenta</strong></span> <span class='ocrx_word' id='word_1_135' title='bbox 585 3173 735 3245; x_wconf 88' lang='lat' dir='ltr'><strong>praetoria</strong></span> <span class='ocrx_word' id='word_1_136' title='bbox 756 3169 891 3228; x_wconf 90' lang='lat' dir='ltr'><strong>decrevit</strong></span> <span class='ocrx_word' id='word_1_137' title='bbox 913 3177 945 3228; x_wconf 88' lang='lat' dir='ltr'><strong>et</strong></span> <span class='ocrx_word' id='word_1_138' title='bbox 967 3173 1144 3228; x_wconf 90' lang='lat' dir='ltr'><strong>sestertium</strong></span> 
     </span>
    </p>
   </div>
   <div class='ocr_carea' id='block_1_9' title="bbox 243 3344 297 3381">
    <p class='ocr_par' dir='ltr' id='par_1_10' title="bbox 243 3344 297 3381">
     <span class='ocr_line' id='line_1_25' title="bbox 243 3344 297 3381; baseline -0.019 0"><span class='ocrx_word' id='word_1_139' title='bbox 243 3344 297 3381; x_wconf 84' lang='lat'><strong>102</strong></span> 
     </span>
    </p>
   </div>
   <div class='ocr_carea' id='block_1_10' title="bbox 0 130 1227 3790">
    <p class='ocr_par' dir='ltr' id='par_1_11' title="bbox 0 130 1227 3790">
     <span class='ocr_line' id='line_1_26' title="bbox 0 130 1227 3790; baseline 0 0"><span class='ocrx_word' id='word_1_140' title='bbox 0 130 1227 3790; x_wconf 95' lang='lat' dir='ltr'><strong> </strong></span> 
     </span>
    </p>
   </div>
  </div>
 </body>
</html>
