2354 3802
322 387 409 444 THE
440 385 622 444 LETTERS
651 385 705 444 OF
735 383 861 443 PLINY

140 551 251 622 accipe.
297 545 391 620 Cupio
407 550 488 601 enim
503 553 535 602 et
550 547 606 602 tibi
620 545 781 621 probatum
797 553 829 602 et
843 543 1044 601 coheredibus

140 665 215 716 meis
231 668 406 717 excusatum
422 653 594 737 esseJquod
608 681 657 716 me
673 662 710 716 ab
732 660 790 716 illis
812 664 924 716 maiore
949 659 1045 715 officio

139 777 265 832 iubente
281 741 413 832 seelerno

181 889 340 946 Corelliam
355 911 424 947 eum
439 911 555 948 summa
570 894 740 947 reverentia
755 890 850 965 diligo
864 893 994 966 plimum
1010 898 1045 947 ut

140 1025 271 1062 sororem
287 1006 397 1063 Corelli
421 1007 496 1076 Rufi,
512 1011 595 1063 euius
609 1005 684 1062 mihi
698 1010 843 1062 memoria
857 1013 1045 1063 sacrosancta

141 1128 198 1189 est,
221 1121 333 1178 deinde
362 1130 397 1179 ut
421 1125 511 1179 matri
538 1141 625 1178 meae
653 1121 922 1178 familiarissimam.
966 1119 1045 1178 Sunt

142 1237 216 1293 mihi
232 1245 348 1294 etcum
362 1241 471 1294 marito
486 1242 560 1308 eiua,
577 1239 703 1295 Minicio
725 1237 821 1308 lustu,
835 1239 951 1312 optimo
972 1240 1044 1306 viru,

139 1360 244 1410 vetera
272 1357 355 1410 iura:
390 1353 516 1411 fuerunt
544 1361 576 1409 et
604 1373 672 1409 cum
708 1352 768 1408 filio
802 1356 941 1422 maxima,
969 1351 1046 1408 adeo

140 1467 273 1543 quidem,
303 1475 337 1524 ut
365 1476 504 1544 praetore
539 1489 588 1524 me
623 1466 703 1524 ludis
737 1472 812 1524 meis
848 1467 1044 1542 praesederit.

142 1582 238 1653 Haec,
254 1604 322 1640 cum
343 1588 479 1660 proxime
502 1588 569 1641 istic
594 1584 648 1654 fui,
670 1583 816 1641 indicavit
837 1584 911 1664 mihi
934 1603 1046 1659 cupere

140 1718 172 1755 se
187 1698 300 1776 aliquid
315 1703 393 1756 circa
408 1699 529 1757 Larium
551 1697 687 1757 nostrum
709 1699 870 1777 possidere.
915 1700 981 1775 Ego
1002 1699 1046 1756 illi

140 1834 178 1870 ex
192 1814 323 1890 praediis
337 1819 422 1886 meiS,
437 1815 518 1893 quod
533 1814 627 1873 vellet
642 1823 675 1873 et
695 1821 801 1893 quanti
823 1815 927 1886 vellet,
949 1815 1046 1872 obtuli

140 1930 276 2002 exceptis
291 1930 427 2002 paternis
443 1930 670 2003 maternisque;
699 1925 746 1982 his
772 1929 853 1982 enim
875 1925 985 1982 cedere
1006 1945 1046 1982 ne

141 2036 287 2094 Corelliae
316 2036 440 2114 quidem
469 2055 598 2114 possum.
643 2036 742 2112 Igitur
769 2056 838 2093 cum
873 2036 1047 2093 obvenisset

140 2146 215 2202 mihi
230 2147 394 2218 hereditas,
408 2151 440 2202 in
455 2167 514 2224 qua
528 2147 652 2223 praedia
671 2151 738 2218 ista,
753 2151 857 2222 scripsi
879 2149 908 2203 ei
929 2145 1047 2202 venalia

140 2256 250 2314 futura.
294 2258 361 2316 Has
376 2257 520 2334 epistulas
543 2258 676 2316 Hermes
697 2257 769 2316 tulit
790 2260 997 2333 exigentique,
1012 2263 1047 2314 ut

141 2371 244 2424 statim
258 2371 430 2443 poitionem
444 2388 543 2425 meam
558 2369 614 2425 sibi
630 2368 797 2437 addiceret,
811 2371 919 2444 paruit.

184 2477 284 2548 Vides,
299 2498 390 2555 quam
405 2486 504 2536 ratum
518 2462 631 2536 habere
653 2479 791 2549 debeam,
813 2479 895 2555 quod
919 2478 1047 2536 libertus

140 2607 226 2645 meus
248 2592 324 2645 meis
346 2590 479 2646 moribus
502 2593 604 2665 gessit.
649 2588 806 2666 Superest,
828 2596 863 2645 ut
882 2588 1048 2646 coheredes

142 2719 239 2777 aequo
264 2705 364 2757 animo
388 2700 489 2758 ferant
513 2704 676 2777 separatim
697 2720 747 2758 me
769 2700 950 2770 vendidisse,
966 2700 1047 2777 quod

140 2811 216 2867 mihi
229 2811 316 2870 licuit
330 2816 453 2869 omuino
467 2832 529 2868 non
544 2812 686 2869 vendere.
730 2810 759 2867 N
762 2831 797 2869 ec
811 2831 882 2868 vero
897 2818 1048 2886 coguntur

141 2926 253 2979 imitari
280 2943 382 2980 meum
417 2923 610 2999 exemplum3
649 2942 710 2979 non
742 2926 824 2980 enim
852 2921 911 2978 illis
940 2922 1047 2979 eadem

141 3054 211 3091 oum
233 3034 360 3091 Corellia
382 3038 454 3091 iura.
500 3033 629 3091 Possunt
651 3053 723 3110 ergo
745 3037 858 3091 intueri
879 3033 1047 3091 utilitatem

141 3164 234 3216 suam,
250 3166 304 3221 pro
318 3165 377 3222 qua
390 3145 465 3201 mihi
478 3144 537 3203 fuit
551 3149 690 3202 amicitia.
733 3145 816 3202 Vale.

143 3351 180 3405 30
