2352 3802
354 409 443 468 THE
473 409 655 468 LETTERS
684 409 740 468 OF
767 409 896 468 PLINY
1006 409 1012 418 '

538 645 706 703 XXXVIII

485 777 640 834 Tauranus
662 777 767 834 Panno

212 909 385 967 Cunaunuu
409 917 466 980 est,
495 917 530 967 ut
557 929 636 987 aqua
662 915 694 968 in
723 909 978 968 Nicomedensem
1007 913 1079 968 eivi-

170 1011 268 1062 tatem
283 1003 474 1085 perducatur.
518 1004 599 1062 Vere
619 1003 710 1062 credo
730 1012 763 1062 te
789 1023 834 1075 ea,
858 1023 917 1081 qua
941 1004 1081 1077 debebis,
1156 1026 1159 1037 ¹

171 1097 332 1174 diligentia
346 1097 404 1154 hoc
418 1117 493 1174 opus
507 1117 728 1174 aggressurum.
771 1097 834 1156 Sed
848 1098 967 1156 medius
989 1098 1079 1157 fidius

171 1191 210 1248 ad
239 1191 368 1248 eandem
396 1190 588 1266 diligentiam
622 1199 707 1249 tuam
742 1196 879 1268 pertinet
913 1196 1079 1269 inquirere,
1155 1212 1158 1251 ε

174 1303 303 1361 quorum
331 1288 405 1342 vitio
439 1284 477 1341 ad
513 1284 570 1341 hoc
606 1293 728 1362 tempus
764 1293 880 1344 tantam
915 1291 1080 1362 pecuniam
1157 1264 1159 1281 Ι

173 1377 410 1436 Nicomedenses
424 1377 625 1454 perdiderint,
646 1399 696 1450 ne,
717 1399 787 1436 eum
807 1383 888 1436 inter
910 1399 942 1437 se
963 1379 1079 1456 gratifi-

173 1480 291 1542 cantur,
306 1480 339 1529 et
360 1471 569 1530 inchoaverint
590 1472 797 1550 aquaeductus
826 1481 859 1531 et
886 1473 1077 1551 reliquerint.

173 1567 257 1640 Quid
272 1573 375 1646 itaque
390 1573 582 1645 compereris,
597 1569 699 1645 perfer
713 1575 745 1629 in
760 1575 901 1629 notitiam
915 1591 1025 1630 meam.

555 1803 692 1860 XXXIX

347 1946 379 2004 C.
404 1946 525 2004 Punrus
546 1945 685 2024 Turreno
707 1947 895 2005 Iurenanoni

212 2093 395 2165 Tuea‘rnuu,
423 2092 556 2164 domine,
586 2093 716 2152 Nicaeae
743 2098 874 2151 maxima
901 2099 960 2151 iam
989 2103 1079 2172 parte

172 2195 390 2258 constructum,
425 2186 639 2264 imperfectum
674 2195 789 2259 tamen,
823 2192 1007 2258 sestertium,
1043 2197 1080 2246 ut

170 2281 260 2338 audio
276 2280 389 2359 (neque
404 2285 486 2339 enim
500 2287 578 2340 ratio
591 2283 712 2358 operis¹
728 2301 851 2340 excussa
866 2282 927 2360 est)
947 2282 1079 2358 amplius

171 2379 288 2433 centies
310 2375 421 2447 hausIt,
443 2395 548 2433 vereor
568 2395 608 2433 ne
630 2373 749 2434 frustra.
793 2375 975 2451 Ingentibus
993 2380 1080 2432 enim

170 2473 253 2526 rimis
267 2469 411 2528 desedit2
432 2477 465 2527 et
478 2469 554 2541 hiat,
568 2474 630 2528 sive
644 2473 677 2526 in
692 2489 780 2526 eausa
800 2468 897 2526 solum
918 2468 1079 2526 humidum

171 2569 204 2620 et
226 2562 328 2634 molle,
350 2567 413 2621 sive
435 2563 511 2640 lapis
535 2568 601 2641 ipse
625 2564 744 2640 gracilis
766 2571 798 2621 et
811 2569 935 2639 putris3¹
948 2563 1079 2640 dignum
1165 2545 1166 2578 I

171 2666 219 2715 est
257 2666 340 2715 certe
374 2657 606 2730 deliberatione,
641 2663 720 2717 sitne
755 2657 929 2715 faciendum
963 2677 1001 2714 an
1037 2661 1080 2715 sit

171 2751 405 2828 relinquendum
419 2773 458 2808 an
473 2756 565 2809 etiam
579 2751 809 2810 destruendum.
851 2752 930 2807 Nam
944 2749 1081 2808 fulturae

171 2865 206 2900 ac
221 2846 469 2916 substructiones
484 2847 592 2922 quibus
607 2846 737 2903 subinde
751 2848 922 2920 suscipitur,
936 2864 998 2901 non
1011 2851 1080 2902 tam

172 2939 274 2996 firmae
317 2938 391 2995 mihi
426 2958 517 3015 quam
552 2948 747 3016 sumptuosae
782 2937 933 2996 videntur.
992 2938 1081 2997 Huic

172 3031 294 3090 theatro
308 3052 346 3090 ex
360 3036 545 3109 privatorum
559 3032 828 3110 pollicItationibus
843 3032 940 3090 muita
960 3032 1082 3090 deben-

204 3182 213 3214 ¹
230 3185 317 3250 operis
329 3185 435 3246 Mulier,
448 3185 508 3250 plus
519 3201 543 3235 a.

203 3247 215 3278 ²
225 3248 330 3300 desedit
342 3251 442 3336 Hardy
453 3266 485 3300 ex
496 3250 582 3314 Badt,
597 3250 735 3301 deseendit
746 3268 772 3311 a,
786 3250 901 3301 discedit
911 3251 1014 3304 (irater.

174 3367 233 3424 3²4
