2362 3794
370 355 459 454 THE
488 353 672 414 LETTERS
700 353 755 416 OF
785 353 911 415 PLINY

187 517 357 594 respondeo
378 517 513 592 singulis.
558 517 669 573 Mirum
694 537 754 594 qua
775 521 959 587 intentione,
983 519 1094 594 quibus

188 608 368 664 clamoribus
382 612 482 664 omnia
496 611 683 683 exceperint,
698 611 749 684 qui
763 607 854 663 modo
867 606 1094 674 reclamabant3

186 705 274 755 tanta
295 702 451 754 conversio
472 697 519 754 vel
542 701 658 772 negotii
679 696 873 772 dignitatem,
894 696 943 753 vel
966 716 1095 772 proven-

187 795 253 844 tum
288 791 440 857 orationis‚
474 787 524 844 vel
558 791 667 844 actoris
701 790 903 845 constantiam
930 787 1094 844 subsecuta
1155 789 1156 798 ’

187 885 243 934 est.
301 877 395 933 Finio.
454 877 565 952 lucipit
599 876 783 953 respondere
817 877 966 944 Veiento;
1001 897 1095 943 nemo
1155 885 1156 902 ¹

187 971 319 1042 patitur;
354 967 542 1036 obturbatur,
570 967 757 1042 obstrepitur
790 965 867 1023 adeo
895 965 1029 1043 quidem,
1061 973 1095 1022 ut
1155 979 1156 1026 i

187 1055 322 1113 diceret:
357 1061 367 1088 ‘
378 1055 471 1131 Rogo,
498 1063 599 1131 patres
627 1059 799 1132 conscripti,
827 1076 866 1113 ne
894 1075 943 1113 me
977 1061 1095 1132 cogatis

187 1147 347 1223 implorare
361 1145 505 1202 auxilium
520 1145 729 1202 tribunorum.'
772 1146 813 1204 Et
831 1151 938 1224 ¹statim
963 1147 1095 1203 Murena
1155 1201 1156 1232 ,

187 1237 344 1292 tribunus:
381 1235 548 1292 ‘Permitto
582 1236 649 1304 tibi,
677 1240 721 1292 vir
756 1235 918 1293 clarissime
950 1235 1094 1306 Veiento,

187 1324 308 1382 dicere.’
365 1324 452 1380 Tunc
486 1343 607 1401 quoque
635 1324 822 1382 reclamatur.
880 1325 967 1382 Inter
994 1345 1094 1382 moras

188 1415 294 1471 consul
308 1418 409 1471 citatis
422 1416 596 1471 nominibus
610 1422 643 1471 et
656 1423 779 1490 peracta
793 1414 975 1472 discessione
994 1419 1095 1472 mittit
1155 1423 1156 1430 ’

188 1512 339 1573 senatum,
358 1523 415 1579 acp
435 1523 513 1560 aene
536 1503 636 1561 adhuc
664 1512 798 1562 stantem
825 1511 1094 1581 temptantemque

187 1593 289 1651 dicere
317 1594 522 1651 Veientonem
549 1595 680 1671 reliquit.
725 1594 859 1652 Multum
886 1593 939 1651 ille
965 1593 1006 1651 de
1036 1594 1094 1651 hac

188 1684 244 1761 (ita
279 1682 420 1762 vocabat)
455 1683 648 1754 contumelia,
683 1691 808 1760 questus
843 1692 891 1741 est
927 1684 1095 1740 Homerico
1155 1739 1156 1768 ,

189 1793 295 1830 versu:

268 1903 308 1964 Ὠ
322 1906 412 1983 γέρον,
428 1905 446 1980 ἦ
460 1907 539 1981 μάλα
553 1906 587 1982 δή
601 1932 636 1965 σε
649 1907 706 1966 νέοι
719 1907 843 1982 τείρουσι
856 1907 1001 1986 μαχηταί.1

190 2038 259 2094 Non
294 2037 359 2095 fere
387 2041 545 2115 quisquam
573 2043 605 2094 in
633 2046 740 2096 senatu
776 2039 844 2108 fuit,
873 2042 925 2116 qui
952 2058 1014 2095 non
1044 2060 1094 2097 me
1155 2029 1156 2052 ³

189 2127 453 2203 complecteretur,
489 2128 722 2199 exoscularetur,
758 2133 957 2206 certatimque
1002 2129 1095 2188 laude
1155 2127 1156 2194 l

189 2216 367 2288 cumularet,
403 2218 484 2294 quod
522 2223 728 2277 intermissum
762 2219 876 2278 iamdiu
910 2239 1026 2277 morem
1063 2227 1095 2278 in

189 2307 344 2383 publicum
365 2307 543 2365 consulendi
565 2314 713 2385 susceptis
740 2314 867 2386 propriis
888 2309 1096 2369 simultatibus
1155 2311 1156 2364 ἒ

189 2396 385 2466 reduxissem,
397 2397 477 2474 quod
493 2397 625 2475 denique
637 2407 776 2456 senatum
785 2399 899 2456 invidia
908 2399 1095 2470 liberassem,
1155 2461 1156 2466 χ

139 2535 141 2540 .
189 2505 248 2562 qua
271 2485 417 2561 flagrabat
444 2487 524 2562 apud
553 2487 673 2545 ordines
697 2489 780 2559 alios,
803 2489 884 2566 quod
911 2509 1034 2547 severus
1064 2495 1096 2548 in
1155 2513 1156 2560 ς

188 2583 306 2632 ceteros
320 2577 508 2634 senatoribus
530 2577 600 2634 solis
623 2578 861 2636 dissimulatione
883 2584 966 2656 quasi
988 2589 1116 2639 mutua.

189 2673 335 2740 parceret.

541 2746 548 2777 ¹
567 2748 600 2797 ll.
616 2748 670 2798 viii.
688 2750 741 2799 102.

222 2891 235 2912 ⁰
251 2882 456 2948 Theoretically‚
471 2885 517 2934 the
534 2885 664 2938 Tribunos
681 2888 760 2938 could
777 2889 833 2938 still
850 2891 953 2940 control
970 2891 1018 2941 the
1034 2909 1095 2957 pro-

190 2946 286 2996 cedure
305 2948 333 2998 oi
352 2949 398 2997 the
420 2949 517 3000 Senate
534 2950 571 3016 by
591 2953 757 3018 interposing
775 2955 846 3004 their
864 2961 932 3006 veto.
978 2957 1096 3008 Veiento
1155 2951 1156 2956 ¹

190 3013 318 3090 appealed
331 3018 359 3063 to
374 3014 446 3064 them
465 3021 493 3064 to
510 3021 616 3080 protect
633 3019 688 3067 him
706 3021 732 3068 in
752 3022 899 3086 exercising
917 3022 957 3070 his
976 3023 1051 3088 right
1069 3024 1097 3074 oi
1155 3023 1156 3060 l

190 3093 281 3143 giving
292 3079 334 3128 his
345 3081 452 3143 opinion
465 3081 516 3141 (ius
527 3083 661 3140 cernendi).
1155 3123 1156 3130 η

196 3187 198 3196 1
223 3143 291 3192 ⁶122.
312 3145 489 3259 introducinq1
505 3163 521 3195 a
544 3146 599 3207 bill,
625 3149 712 3200 which
735 3151 787 3200 had
806 3151 913 3202 become
930 3153 1063 3220 virtually
1081 3171 1097 3203 a

190 3209 357 3272 prerogativa
369 3209 397 3258 oi
408 3211 455 3260 the

193 3303 250 3360 206

490 3227 601 3276 mperor.
639 3213 688 3264 See
701 3225 766 3265 next
777 3221 847 3267 note.
