2354 3802
351 326 440 383 THE
471 325 653 386 LETTERS
683 325 737 384 OF
768 326 894 384 PLINY

170 491 202 543 in
216 494 358 562 praetura
377 493 652 555 sum‚consecutuS‚
668 505 737 542 cum
752 485 825 542 mihi
842 486 951 544 Caesar
964 507 1079 544 annum

170 613 342 666 remisisset.
387 608 453 684 Ego
477 612 509 664 in
532 608 617 666 villas
639 613 703 666 eius
725 628 815 685 saepe
839 613 958 680 secessi,
973 610 1024 668 ille
1046 615 1079 667 in
1163 635 1164 650 ¹

170 733 260 790 domo
274 753 343 790 mea
357 751 447 808 saepe
462 731 623 790 convaluit.
713 763 719 771 ·

212 858 273 913 Hic
302 877 383 913 nuno
412 875 466 932 pro
487 856 610 913 consule
631 859 815 932 provinciam
845 856 998 914 Baeticam
1023 878 1079 934 per
1163 849 1164 862 ³

171 980 310 1037 Ticinum
334 988 381 1038 est
402 983 562 1055 petiturus
605 979 711 1055 Spero,
732 983 825 1037 immo
846 980 964 1037 confido
988 981 1078 1040 facile

172 1122 221 1158 me
244 1105 486 1176 impetraturum,
510 1107 545 1156 ut
567 1117 604 1155 ex
627 1102 738 1156 itinere
762 1097 905 1156 deflectat
927 1100 966 1158 ad
988 1109 1032 1171 te,
1054 1106 1079 1159 si

171 1223 254 1282 voles
277 1223 412 1280 vindicta
433 1221 571 1291 liberare,
596 1241 671 1298 quos
699 1225 835 1297 proxime
863 1225 944 1280 inter
967 1227 1078 1281 amicos

172 1349 380 1405 manumisisti.
434 1345 517 1401 Nihil
543 1353 600 1415 est,
623 1344 704 1422 quod
726 1349 867 1417 verearis,
891 1367 931 1404 ne
956 1352 996 1405 sit
1020 1348 1078 1406 hoc
1163 1401 1164 1430 p

170 1471 216 1528 illi
243 1469 416 1540 molestum,
445 1472 493 1526 oui
520 1469 626 1526 orbem
653 1476 801 1526 terrarum
830 1473 987 1530 circumire
1016 1492 1078 1530 non
1163 1547 1164 1560 χ

171 1599 230 1654 erit
260 1594 386 1670 longum
418 1613 486 1650 mea
520 1612 617 1649 causa.
673 1592 802 1650 Proinde
834 1597 957 1650 nimiam
988 1599 1077 1653 istam

171 1717 385 1776 verecundiam
411 1737 490 1792 pone
515 1725 619 1794 teque,
639 1717 713 1793 quid
738 1717 822 1788 velis,
852 1719 983 1776 consule.
1028 1721 1079 1777 Illi
1163 1733 1164 1754 ¹

172 1851 235 1900 tam
262 1840 439 1913 iucundum,
468 1841 549 1919 quod
581 1861 648 1918 eg0,
683 1863 773 1920 quam
809 1842 893 1914 mihi,
927 1843 1008 1921 quod
1044 1853 1077 1903 tu

74 2042 77 2049 Ι
172 1967 267 2024 iubes.
312 1965 393 2024 Vale.

578 2208 667 2265 XVII

405 2352 435 2410 C.
461 2353 581 2410 Parmos
602 2354 712 2411 Cosam
734 2357 796 2414 Soo
817 2357 845 2414 S.

213 2498 274 2556 Sos
289 2502 397 2573 cuique
416 2502 493 2556 ratio
511 2498 678 2567 recitandi3
699 2499 783 2571 mihi,
805 2502 886 2578 quod
906 2523 996 2579 saepe
1018 2508 1078 2561 iam
1162 2497 1163 2528 ³

172 2621 245 2692 dixi,
260 2629 305 2692 ut,
324 2625 348 2678 si
363 2621 436 2698 quid
455 2642 504 2679 me
524 2622 613 2699 fugit,
633 2633 667 2682 ut
687 2631 771 2681 certe
794 2624 884 2702 fugit,
904 2626 1076 2688 admonear.

206 2786 219 2808 ‘⁵
235 2777 277 2842 By
287 2793 304 2826 a
320 2778 370 2826 law
389 2783 418 2827 at
442 2777 501 2828 first
516 2779 647 2843 proposed
664 2779 700 2844 by
712 2781 859 2846 Augustus,
874 2782 922 2834 but
939 2785 1026 2836 which
1043 2804 1079 2838 on

172 2843 280 2906 passing
295 2843 361 2892 with
379 2844 481 2894 several
497 2843 693 2894 alterationem
708 2849 792 2896 tino.
805 2864 859 2897 was
871 2849 968 2898 known
985 2867 1015 2900 es
1031 2853 1079 2902 the

174 2908 230 2957 Lex
241 2907 317 2956 Julio
329 2915 351 2957 at
363 2909 454 2972 Papio
467 2910 600 2972 Poppaeo,
615 2911 638 2958 it
650 2927 703 2959 was
721 2913 842 2972 enaoted,
861 2921 983 2980 amongst
1000 2918 1079 2967 other

174 2974 273 3037 things,
289 2973 377 3023 “that
388 2991 440 3040 any
451 2990 546 3038 person
560 2975 646 3040 might
658 2977 737 3026 stand
756 2994 849 3028 sooner
868 2980 934 3030 than
952 2981 1079 3047 ordinary

174 3039 215 3087 lor
226 3056 260 3088 an
272 3039 354 3099 office,
368 3039 389 3088 ii
405 3040 438 3089 he
450 3039 502 3088 had
515 3055 544 3088 as
556 3056 636 3104 many
648 3041 767 3092 children
785 3060 814 3093 as
832 3045 865 3093 he
876 3047 983 3096 wanted
1001 3065 1079 3112 years

175 3110 204 3153 to
215 3104 247 3152 be
259 3104 367 3168 capable
379 3104 407 3154 oi
423 3105 532 3168 bearing
544 3105 608 3154 such
620 3123 636 3155 a
647 3106 780 3173 dignity.¹’
799 3109 915 3172 (Melnr.)
932 3112 981 3162 See
993 3114 1021 3166 ii.
1038 3117 1075 3176 13,

176 3187 201 3217 x.
216 3170 239 3218 2.

177 3265 214 3333 38
