2438 3790
372 329 461 386 THE
489 328 672 404 LETTERS
699 329 755 386 OF
783 328 909 386 PLINY

190 495 286 548 sterni
300 489 357 546 sibi
371 489 424 545 in¹
440 492 536 564 prima
558 488 666 545 domus
687 495 785 564 parte,
800 491 898 562 poscit
918 486 1093 562 pugillares,
1188 499 1189 516 ¹

189 601 303 670 stilum,
317 599 439 668 lumen;
462 619 530 658 suos
544 619 650 656 omnes
664 603 696 654 in
710 602 854 656 interiora
875 596 1014 666 dimittit,
1027 601 1093 673 ipse
1188 599 1189 650 i

190 712 229 769 ad
252 711 445 778 scribendum
466 715 610 781 animum,
624 711 735 780 oculoS,
749 729 873 766 manum
895 708 1039 779 intendit,
1053 729 1093 766 ne
1188 729 1189 732 ¹

191 843 284 881 vacua
307 842 394 880 mens
418 822 522 879 audita
546 820 704 879 simulacra
728 828 761 877 31
784 824 890 876 inanes
914 820 971 876 sibi
994 827 1095 876 metus
1188 803 1189 848 1

191 935 330 1010 fingeret.
384 933 487 1004 Initio,
514 933 603 1011 quale
637 933 760 1010 ubique,
794 929 949 988 silentium
977 934 1096 999 noctis;
1188 989 1189 1000 ,

191 1043 328 1103 deinde²
357 1049 478 1102 concuti
506 1044 630 1116 ferrum,
657 1043 777 1102 vincula
803 1045 937 1111 moveri;
959 1041 1011 1100 ille
1033 1063 1096 1098 non
1188 1035 1189 1038 ’

192 1160 301 1220 tollere
329 1161 441 1233 oculos,
463 1180 525 1218 non
548 1163 705 1218 remittere
726 1159 839 1229 stilum,
861 1157 916 1216 sed
938 1158 1096 1216 obfirmare

192 1273 326 1326 animum
348 1271 530 1346 auribusque
552 1268 762 1345 praetendere.
805 1267 883 1326 Tum
906 1270 1097 1328 crebrescere

192 1376 302 1453 fragor,
316 1376 482 1434 adventare
497 1384 530 1433 31
552 1380 611 1432 iam
634 1383 669 1432 ut
693 1379 725 1430 in
747 1375 862 1447 limine,
876 1381 936 1433 iam
957 1383 994 1433 ut
1015 1380 1097 1431 intra

192 1482 287 1540 limen
314 1483 430 1551 audiri3
465 1485 597 1559 respicit,
620 1482 704 1540 videt
725 1488 922 1561 agnoscitque
946 1489 1097 1540 narratam

193 1590 249 1647 sibi
271 1590 409 1666 effigiem.
453 1588 560 1647 Stabat
579 1589 787 1666 innuebatque
806 1589 904 1666 digito
924 1590 1028 1648 similis
1049 1608 1098 1644 vo-

193 1700 282 1753 canti.
328 1695 389 1752 Hic
416 1703 531 1766 contra,
558 1704 593 1754 ut
619 1696 744 1773 paulum
772 1705 972 1773 exspectaret,
1005 1715 1097 1752 manu

193 1803 343 1880 significat
372 1823 534 1881 rursusque
561 1808 637 1862 ceris
671 1812 704 1862 et
738 1805 808 1862 stilo
842 1807 998 1864 incumbit.
1042 1803 1100 1860 1113

194 1913 353 1969 scribentis
374 1915 465 1988 capiti
490 1915 605 1969 catenis
630 1912 797 1969 insonabat.
842 1907 976 1989 Respicit
997 1931 1098 1968 rursus

194 2017 276 2074 idem
291 2018 372 2095 quod
387 2021 469 2094 prius
484 2022 664 2075 innuentem
678 2039 736 2076 nec
750 2027 884 2077 moratus
898 2019 979 2076 tollit
993 2018 1099 2076 lumen

195 2132 228 2182 et
256 2129 400 2201 sequitur.
459 2125 528 2182 lbat
556 2124 607 2180 illa
634 2125 719 2182 lento
747 2124 842 2201 gradu
878 2130 963 2202 quasi
1000 2131 1099 2202 gravis

194 2230 330 2287 vinculis.
375 2231 537 2308 Postquam
551 2231 676 2289 deflexit
690 2235 721 2288 in
732 2251 833 2288 aream
844 2232 961 2303 domm,
970 2239 1099 2308 repente

195 2335 311 2412 dilapsa
334 2336 449 2395 deserit
473 2343 624 2396 comitem.
670 2337 817 2396 Desertus
840 2337 949 2396 herbas
974 2345 1006 2394 et
1028 2336 1101 2394 folia

195 2451 358 2518 concerpta
372 2448 492 2520 signum
516 2444 582 2502 loco
606 2447 701 2521 ponit.
745 2436 870 2502 Pbstero
884 2444 935 2502 die
955 2444 1020 2501 adit
1039 2464 1101 2500 ma-

194 2553 348 2626 gistratus,
377 2559 491 2622 monet,
520 2560 555 2609 ut
582 2552 667 2610 illum
704 2551 804 2610 locum
840 2551 929 2610 effodi
965 2552 1099 2608 iubeant,

196 2654 398 2714 Inveniuntur
421 2677 486 2715 ossa
508 2663 622 2716 inserta
643 2665 759 2719 catenis
784 2667 816 2717 et
838 2657 994 2734 implicita,
1023 2677 1101 2734 quae

195 2745 303 2838 corpus
337 2783 411 2821 aevo
438 2773 579 2843 terraque
608 2767 813 2844 putrefactum
841 2764 923 2822 nuda
952 2771 984 2822 31
1012 2783 1103 2821 exesa

195 2870 359 2946 reliquerat
391 2874 524 2931 vinculis
582 2875 717 2933 Collecta
750 2873 871 2950 publice
902 2871 1100 2947 sepeliuntur.

198 2976 313 3034 Domus
335 2988 440 3054 postea
462 2985 521 3038 rite
543 2983 673 3041 conditis
695 2983 834 3040 manibus
857 2982 960 3036 camit.

452 3112 460 3142 ¹
479 3114 506 3162 iu
519 3114 554 3173 Κ,
568 3131 616 3163 om.
631 3115 672 3174 M,
687 3113 793 3176 Bipmm,
808 3110 853 3160 10.

450 3176 461 3208 ²
477 3177 573 3229 deinde
583 3196 652 3242 pra,
670 3179 775 3242 Bipona,
788 3177 850 3226 dein
865 3175 896 3224 K.
