2362 3794
320 360 408 418 THE
439 359 621 419 LETTERS
651 361 705 419 OF
735 360 861 418 PLINY

140 528 234 591 utere,
249 528 285 577 ut
305 523 480 578 memineris
496 529 528 578 et
543 520 698 577 hominem
720 539 786 578 esse
805 528 837 577 te
858 527 891 577 et
912 518 1043 576 hominis

138 634 264 703 patrem.
308 626 391 683 Vale.

546 899 623 957 XIII

341 1045 518 1107 C.,P111ruus
538 1045 708 1117 Quannaro
728 1046 790 1104 Sno
810 1046 838 1104 S.

180 1192 310 1264 Quauro
324 1193 486 1251 studiosius
500 1197 709 1272 intentiusque
724 1195 826 1271 legisti
847 1194 948 1264 libros,
969 1213 1045 1271 quos

138 1299 178 1356 de
221 1299 347 1357 Helvidi
388 1300 504 1359 ultione
546 1305 708 1378 composui,
750 1309 838 1360 tanto
879 1304 1044 1377 Impensius

138 1407 282 1483 postulas
310 1415 346 1465 ut
369 1409 553 1484 perscribam
579 1409 647 1480 tibi,
673 1428 812 1486 quaeque
841 1417 926 1466 extra
953 1408 1045 1465 libros

139 1534 277 1591 quaeque
292 1519 371 1571 circa
385 1515 485 1584 libros
499 1524 599 1573 totum
614 1517 747 1593 denique
761 1516 899 1573 ordinem
920 1519 974 1586 rei,
996 1518 1044 1571 cui

139 1639 194 1695 per
208 1628 342 1678 aetatem
357 1641 418 1677 non
432 1621 606 1680 interfuisti.

181 1727 288 1784 Occiso
312 1727 487 1786 Domitiano
502 1733 595 1787 statui
609 1749 728 1786 mecum
744 1749 778 1786 ae
792 1729 957 1787 deliberavi
978 1748 1044 1785 esse

139 1855 280 1911 magnam
295 1835 512 1914 pulchramque
527 1839 685 1894 materiam
698 1835 869 1894 insectandi
888 1843 1044 1905 nocenteS,

139 1945 263 1999 miseros
277 1943 460 2014 vindicandi,
475 1963 507 2000 se
521 1943 704 2019 proferendi.
752 1943 841 1999 Porro
854 1946 935 2000 inter
949 1938 1046 1998 multa

140 2038 254 2097 scelera
274 2040 439 2098 multorum
464 2040 582 2098 nullum
606 2045 737 2098 atrocius
761 2039 930 2110 videbatur,
955 2060 1046 2116 quam

140 2136 221 2213 quod
235 2141 268 2193 in
282 2145 390 2194 senatu
405 2146 526 2195 senator
540 2142 682 2209 senatori,
697 2141 865 2213 praetorius
886 2137 1044 2208 consulari,

140 2253 191 2291 reo
219 2234 311 2291 iudex
338 2255 445 2292 manus
473 2236 634 2312 intulisset.
693 2235 804 2292 Fuerat
831 2234 943 2312 alioqui
971 2235 1046 2291 mibi

140 2351 209 2388 cum
240 2332 382 2389 Helvidio
407 2337 548 2405 amicitia,
573 2341 687 2410 quanta
711 2340 853 2409 potuerat
882 2352 948 2389 esse
976 2353 1045 2390 cum

141 2450 187 2500 e0,
226 2433 278 2507 qui
316 2438 401 2487 metu
440 2438 613 2507 temporum
652 2451 765 2489 nomen
803 2435 921 2507 ingens,
958 2450 1046 2506 pares

140 2531 268 2586 virtutes
307 2547 426 2586 secessu
465 2531 601 2605 tegebat,
639 2529 739 2586 fuerat
777 2548 847 2586 cum
886 2528 974 2586 Arria
1014 2536 1047 2586 et

141 2625 264 2697 Fannia,
304 2646 431 2703 quarum
468 2628 564 2686 altera
606 2627 732 2685 Helvidi
771 2646 910 2698 noverca,
949 2627 1047 2685 altera
1088 2626 1090 2630 ’

140 2731 239 2781 mater
260 2744 416 2782 novercae.
460 2724 521 2783 Sed
543 2745 605 2782 non
630 2729 673 2783 ita
701 2745 751 2782 me
778 2729 843 2782 iura
870 2729 987 2802 privata
1011 2733 1047 2782 nt

140 2821 295 2898 publicum
323 2821 367 2881 fas
395 2831 428 2881 et
454 2823 620 2900 indignitas
648 2823 720 2881 facti
750 2831 782 2881 et
810 2822 941 2899 exempli
969 2827 1048 2880 ratio

141 2921 294 2978 incitabat.

174 3091 187 3114 α
203 3082 243 3134 ie.
259 3083 301 3133 his
311 3085 406 3148 speech
417 3085 522 3148 against
530 3083 665 3134 Publicius
674 3084 778 3145 Certus,
788 3083 901 3144 revised,
910 3083 1046 3150 enlarged,

142 3147 195 3196 and
207 3147 316 3198 dlvided
327 3151 385 3199 into
399 3153 417 3176 ‘¹
426 3149 536 3198 books.”
570 3149 619 3200 See
630 3151 665 3200 iv)
679 3151 720 3210 21,
734 3151 778 3201 vii.
795 3151 834 3200 30.

176 3213 186 3244 θ
202 3211 274 3277 Sept.
291 3216 330 3274 18,
343 3215 375 3263 96
387 3227 442 3264 mn.
566 3224 576 3247 ⁰
592 3214 640 3266 See
652 3216 688 3265 iii.
704 3217 742 3265 16.

153 3308 202 3363 ’ἢὸ
