2352 3802
325 382 413 438 THE
441 380 625 438 LETTERS
654 379 709 438 OF
736 379 861 437 PLINY

140 549 191 599 tur
205 549 240 599 ut
254 541 395 598 basilicae
406 543 493 610 circa,
503 547 539 596 ut
547 543 681 615 porticus
695 561 785 617 supra
799 559 929 597 caveam.
960 537 1050 609 Quae

142 661 223 697 nunc
258 643 359 696 omnia
393 637 584 710 differuntur,
619 648 758 698 cessante
793 659 830 695 eo
865 637 946 715 quod
974 644 1049 694 ante

142 739 351 816 peragendum
366 745 422 795 est.

184 837 281 895 Iidem
310 837 495 894 Nicaeenses
522 841 713 914 gymnasium
742 837 885 895 incendio
905 838 1049 892 amissum

141 942 214 990 ante
237 932 404 989 adventum
431 951 534 989 meum
569 936 732 990 restituere
761 937 928 1008 coeperunt
955 929 1050 1004 longe

142 1035 330 1089 numerosius
345 1030 511 1107 laxiusque,
521 1050 611 1107 quam
623 1029 733 1101 fuerat,
747 1037 780 1087 et
788 1034 848 1086 iam
859 1029 1050 1105 aliquantum
1154 1076 1157 1087 .

142 1137 354 1207 erogaverunt,
389 1129 558 1205 periculum
604 1137 661 1200 est,
697 1149 736 1186 ne
771 1148 878 1205 parum
913 1126 1051 1194 utiliter3
1154 1126 1156 1135 '

141 1231 375 1304 incompositum
410 1232 493 1285 enim
535 1235 568 1286 et
602 1248 738 1304 sparsum
774 1234 828 1285 est.
887 1226 1051 1283 Praeterea
1155 1256 1157 1267 ι

142 1327 327 1384 architectus
341 1346 414 1383 sane
429 1326 566 1383 aemulus
583 1329 657 1396 eiua,
671 1347 689 1382 a
704 1346 764 1403 quo
781 1345 856 1402 opus
873 1323 1051 1380 inchoatum

141 1434 198 1496 est,
226 1424 365 1482 adfirmat
398 1429 529 1501 parietes
563 1445 745 1502 quamquam
778 1427 887 1500 viginti
914 1431 947 1480 et
974 1422 1052 1480 duos

143 1524 237 1602 pedes
251 1524 329 1581 latos
343 1527 484 1599 imposita
498 1543 590 1581 onera
604 1527 754 1581 sustinere
776 1542 838 1579 non
859 1541 957 1598 posse,
979 1525 1052 1598 quia

142 1628 204 1681 sint
239 1631 400 1680 caemento
433 1622 526 1679 medii
568 1621 639 1678 farti
680 1643 737 1680 nec
779 1629 915 1678 testaceo
957 1640 1052 1696 opere

143 1725 316 1798 praecincti.

184 1818 437 1895 Claudiopolitani
451 1838 571 1896 quoque
587 1822 618 1875 in
627 1818 772 1894 depresso
785 1818 861 1889 loco,
869 1821 1053 1876 imminente

144 1922 236 1976 etiam
250 1925 356 1975 monte
370 1922 478 1994 ingens
492 1917 645 1975 balineum
661 1918 823 1976 defodiunt
843 1921 939 1994 magis
960 1936 1053 1993 quam

143 2016 314 2087 aedificant,
330 2025 362 2074 et
376 2015 500 2092 quidem
515 2035 552 2072 ex
576 2036 612 2072 ea
635 2019 775 2092 pecunia,
790 2036 881 2093 quam
905 2015 1052 2073 buleutae
1153 2008 1159 2029 ⁸

143 2115 241 2174 additi
254 2115 402 2172 beneficio
415 2123 469 2172 tuo
484 2122 536 2172 aut
550 2119 609 2171 iam
633 2115 811 2172 obtulerunt
832 2115 871 2172 ob
892 2111 1053 2172 introitum
1155 2156 1157 2167 .

143 2217 197 2267 aut
211 2209 297 2267 nobis
312 2210 505 2284 exigentibus
519 2208 686 2267 conferent.
731 2209 822 2286 Erg0,
833 2229 902 2266 cum
915 2213 1053 2278 timeam,

144 2325 183 2361 ne
198 2303 260 2360 illic
281 2303 401 2380 publica
421 2307 559 2379 pecunia,
573 2303 633 2374 hic,
648 2304 729 2380 quod
751 2311 798 2361 est
819 2307 902 2360 omni
923 2307 1054 2378 pecunia

145 2402 314 2474 pretiosius,
349 2417 459 2454 munus
500 2405 586 2455 tuum
629 2398 708 2454 male
751 2397 924 2467 collocetur,
960 2416 1054 2474 cogor

145 2500 251 2568 petere
276 2499 356 2562 ate,
377 2511 437 2548 non
461 2491 558 2548 solum
580 2493 619 2548 ob
641 2491 806 2562 theatrum,
830 2511 933 2548 verum
958 2495 1053 2547 etiam

145 2587 184 2642 ob
219 2585 294 2642 haec
322 2585 441 2642 balinea
468 2589 571 2643 mittas
599 2585 798 2642 architectum
834 2584 1053 2662 dispecturum,

145 2688 248 2737 utrum
262 2684 302 2737 sit
316 2679 419 2738 utilius
428 2688 498 2756 post
511 2687 675 2757 sumptum,
685 2667 737 2757 qui
751 2679 849 2737 factus
863 2688 919 2750 est,
931 2699 1054 2757 quoquo

178 2857 191 2878 α
210 2849 227 2872 “
237 2847 292 2895 The
302 2845 374 2894 word
386 2844 470 2896 Cavea
482 2847 510 2894 in
521 2847 568 2895 the
579 2847 692 2912 original
703 2845 893 2910 comprehendo
902 2861 974 2894 more
986 2846 1053 2895 than

147 2913 220 2962 what
232 2929 271 2988 ue
283 2911 333 2987 call
345 2912 391 2960 the
404 2911 450 2960 Pu
467 2913 494 2959 in
513 2928 560 2960 our
577 2912 703 3000 theatres,
719 2928 747 2960 as
765 2911 788 2961 it
805 2927 894 3002 means
909 2911 955 2960 the
967 2911 1054 2960 whole

147 2977 1054 3106 {th{tttlhtttttttttutlitiinettttttlt}

148 3108 175 3158 ol
198 3112 268 3158 seats
291 3107 384 3168 (orroei)
410 3108 492 3171 rising
515 3113 563 3157 out
584 3107 684 3158 behind
709 3125 758 3158 one
780 3108 893 3157 another
914 3107 983 3158 from
1005 3108 1054 3158 the

148 3173 284 3223 orchestra
301 3177 330 3223 at
347 3173 393 3222 the
410 3173 513 3222 bottom
525 3177 554 3222 to
566 3173 612 3222 the
629 3174 749 3224 external
767 3173 828 3224 wall
839 3173 867 3223 of
883 3173 930 3223 the
947 3173 1056 3224 theatra

148 3244 176 3288 at
194 3239 240 3287 the
257 3243 311 3302 top,
328 3276 333 3286 .
349 3275 355 3286 .
371 3239 409 3287 At
425 3238 471 3287 the
489 3242 537 3302 top
554 3239 629 3287 there
646 3255 700 3288 was
716 3239 791 3288 often
808 3256 824 3288 a
840 3238 937 3289 double
954 3255 1008 3288 row
1027 3239 1055 3288 of

150 3335 207 3406 326
