2438 3790
433 790 586 861 LIBER
618 785 855 862 OCTAVUS

639 993 651 1048 Ι

407 1151 438 1207 C.
463 1150 584 1208 Pinnos
606 1149 743 1208 Ssrrrcro
765 1149 826 1208 Suo
848 1149 877 1208 S.

234 1307 309 1366 Irus
324 1307 481 1364 commode
502 1307 644 1383 explicui,
659 1315 789 1383 excepto
811 1308 1036 1385 quodquidam
1058 1329 1095 1366 ex

190 1419 266 1472 meis
293 1414 448 1472 adversam
472 1415 679 1472 valetudinem
707 1413 935 1474 ferventissimis
961 1417 1095 1474 aestibus

189 1529 414 1578 contraxerunt.
467 1520 630 1596 Encolpius
658 1521 781 1597 quidem
810 1521 915 1592 lector,
937 1521 989 1579 ille
1018 1526 1094 1579 seria

190 1636 301 1698 nostra,
329 1628 380 1685 ille
415 1628 552 1698 deliciae,
581 1632 765 1704 exasperatis
799 1626 935 1686 faucibus
969 1628 1094 1704 pulvere

189 1739 368 1811 sanguinem
395 1739 510 1792 reiecit.
567 1735 667 1806 Quam
693 1739 782 1792 triste
817 1735 874 1792 hoe
908 1739 976 1812 ipsi,
1003 1756 1093 1813 quam

189 1843 332 1899 acerbum
360 1841 444 1912 mihi,
468 1845 492 1898 si
520 1846 553 1912 is,
577 1845 626 1898 eui
653 1845 750 1899 omnis
779 1862 816 1899 ex
844 1841 951 1899 studiis
986 1847 1092 1918 gratia,

190 1946 332 2005 inhabilis
356 1948 465 2006 studiis
486 1947 595 2006 fuerit!
639 1948 714 2019 Quis
736 1947 848 2005 deinde
869 1948 988 2005 libellos
1009 1969 1093 2007 meos

189 2058 230 2110 sic
245 2054 340 2130 leget,
354 2055 551 2134 sicnamabit?
573 2073 664 2131 quem
685 2074 771 2111 aures
793 2075 879 2111 meae
902 2059 945 2112 sic
967 2075 1093 2131 sequen-

189 2163 261 2218 tur?
304 2159 365 2218 Sed
392 2160 425 2217 di
453 2160 577 2218 laetiora
605 2163 796 2237 promittunt.
841 2160 936 2218 Stetit
961 2166 1092 2236 sanguis,

190 2265 305 2323 resedit
319 2265 413 2323 dolor.
458 2266 619 2324 Praeterea
633 2271 792 2324 continens
806 2270 881 2342 ipse,
892 2287 947 2324 nos
961 2267 1092 2339 solliciti,

188 2371 299 2429 medici
328 2372 501 2448 diligentes.
546 2373 595 2430 Ad
623 2374 681 2430 hoe
706 2373 864 2430 salubritas
886 2373 972 2445 caeli,
994 2393 1094 2432 seces-

191 2498 250 2549 sus,
273 2482 358 2555 quies
379 2487 500 2536 tantum
524 2478 629 2537 salutis
651 2488 800 2557 quantum
822 2483 876 2536 otii
898 2479 1089 2556 pollicentur.

191 2585 274 2642 Vale.

624 2768 654 2824 ll

404 2925 435 2981 C.
460 2924 581 2982 Pnruius
602 2924 738 2980 Canusio
760 2924 821 2982 Suo
843 2923 871 2982 S.

228 3083 296 3139 Atn
311 3087 343 3139 in
357 3082 480 3158 praedia
494 3101 546 3139 sua
567 3081 806 3157 proficiscuntur,
820 3089 856 3138 ut
876 3081 1091 3159 locupletiores

187 3195 388 3259 revertantur,
402 3207 469 3264 egn,
489 3196 524 3245 ut
548 3193 714 3265 pauperior.
758 3188 964 3246 Vendideram
988 3189 1091 3248 vinde-

187 3313 224 3369 92
