2362 3794
346 370 434 430 THE
463 368 646 431 LETTERS
675 371 730 430 OF
759 364 886 429 PLINY

164 540 249 604 straS,
264 532 313 589 vel
327 535 426 608 potior
440 532 506 589 alia.
550 532 629 589 Sunt
650 534 732 588 enim
753 535 786 587 in
808 529 864 585 hac
887 525 1070 585 offendicula

164 667 226 704 non
241 647 341 704 nulla:
363 647 523 704 circumfer
537 646 648 717 oculos
663 656 696 704 et
709 653 876 704 occurrent.

207 762 389 839 Bibliopolas
407 762 552 838 Lugduni
571 781 637 819 esse
658 782 720 818 non
744 763 899 838 putabam,
924 781 959 816 ac
981 767 1070 818 tanto

164 878 309 935 libentius
335 898 372 936 ex
395 878 506 935 litteris
528 882 589 935 tuis
617 882 744 954 cognovi
772 877 923 936 venditari
949 874 1070 934 libellos

164 1014 257 1065 meos
272 997 380 1071 quibus
395 1013 523 1070 peregre
539 1013 661 1050 manere
675 998 814 1070 gratiam,
829 1012 919 1069 quam
941 996 972 1048 in
993 992 1070 1048 urbe

165 1109 355 1185 collegerint,
374 1109 519 1166 delector.
564 1108 680 1184 Incipio
701 1113 783 1166 enim
805 1112 876 1166 satis
897 1106 1071 1165 absolutum
1162 1111 1163 1114 ’

165 1227 348 1295 existimare,
358 1223 396 1280 de
411 1244 471 1301 quo
485 1231 572 1280 tanta
586 1224 762 1280 diversitate
772 1227 929 1298 regionum
939 1223 1072 1279 discreta

166 1339 322 1397 hominum
337 1339 448 1396 iudicia
462 1344 667 1397 consentiunt.
711 1339 795 1396 Vale.

585 1590 647 1648 XII
724 1655 726 1658 ¹

390 1750 422 1806 C.
446 1749 567 1806 Pnuuos
590 1749 711 1806 luruour
733 1749 794 1807 Suo
817 1748 845 1806 S.

208 1908 396 1964 Casrrcanar
411 1907 533 1983 quidam
549 1907 643 1963 filium
658 1926 756 1978 suum,
770 1906 850 1983 quod
866 1904 956 1982 paulo
970 1927 1073 1982 sump-

167 2031 282 2085 tuosius
304 2045 398 2103 equos
421 2033 453 2083 et
475 2046 565 2084 canes
587 2033 712 2083 emeret.
766 2027 848 2083 Huic
876 2045 934 2101 ego
961 2031 1074 2083 iuvene

167 2147 322 2222 digresso3
357 2146 467 2202 ‘Heus
501 2153 545 2216 tu,
573 2165 779 2222 numquamne
807 2144 917 2226 fecisti,
945 2145 1027 2221 quod
1055 2166 1074 2201 a

169 2273 255 2341 patre
285 2268 393 2340 corripi
421 2267 546 2340 posset?
580 2264 690 2336 fecisti,
718 2266 796 2336 dico,
825 2285 886 2348 non
915 2265 1074 2322 interdum

168 2383 252 2454 faciS,
266 2382 347 2460 quod
362 2381 439 2439 filius
454 2391 535 2454 tuus,
549 2388 573 2440 si
594 2390 723 2460 repente
744 2391 831 2460 pater
852 2383 913 2454 ille,
928 2391 963 2441 tu
985 2383 1074 2454 filius,

168 2505 233 2578 pari
260 2506 409 2577 gravitate
438 2502 665 2578 reprehendat?
708 2502 777 2558 Non
805 2521 911 2558 omnes
935 2501 1075 2557 homines

169 2621 269 2697 aliquo
284 2640 385 2678 errore
400 2620 574 2678 ducuntur?
596 2641 657 2678 non
672 2621 721 2677 hic
744 2625 777 2677 in
801 2620 853 2676 illo
874 2621 940 2690 sibi,
963 2623 995 2675 in
1016 2618 1091 2675 hoe·

169 2742 254 2812 aliuS,
268 2741 431 2817 indulget?
443 2740 449 2759 ’

212 2861 299 2917 Haec
313 2862 369 2918 tibi
384 2858 556 2917 admonitus
565 2859 743 2917 immodicae
753 2862 923 2917 severitatis
933 2848 1076 2934 exemplo
1093 2861 1096 2866 '

171 2973 225 3057 pro
243 2999 344 3037 amore
358 2988 465 3037 mutuo
480 2982 594 3055 scripsi,
602 2999 642 3036 ne
657 2979 778 3056 quando
793 2987 827 3037 tu
842 2965 963 3055 quoque
979 2976 1076 3034 filium

171 3108 258 3158 tuum
272 3099 409 3157 acerbius
423 3099 587 3175 duriusque
608 3107 762 3156 tractares.
806 3100 914 3175 Cogita
935 3106 967 3155 et
987 3096 1074 3154 illum

171 3237 299 3295 puerum
314 3237 380 3276 esse
395 3226 428 3276 et
441 3226 474 3276 te
488 3218 581 3275 fuisse
596 3226 688 3296 atque
703 3223 746 3277 ita
760 3218 827 3290 hoc,
839 3219 921 3295 quod
935 3237 968 3275 es
977 3225 1076 3294 pater,
1162 3251 1163 3258 κ

176 3337 231 3392 194
273 3348 280 3354 “
