2362 3794
362 352 451 410 THE
481 353 663 410 LETTERS
692 352 746 409 OF
776 351 902 409 PLlNY

182 519 238 581 est,
253 515 284 566 in
306 510 485 567 defunctum
500 529 620 586 quoque
641 517 797 587 tamquam
811 513 965 599 viventem
986 507 1085 565 adhuc

182 617 292 687 editur,
316 621 340 674 si
369 617 470 674 editur
499 621 610 674 statim.
654 616 761 692 Igitur,
791 620 816 673 si
843 615 917 692 quid
944 614 1026 672 aliud
1054 618 1086 670 in

180 724 328 794 manibus,
356 727 479 781 interim
507 723 612 792 differ3
645 723 704 780 hoc
732 723 852 800 perfice,
881 722 961 800 quod
990 724 1085 792 nobis,

181 835 233 906 qui
274 831 412 907 legimus,
447 831 518 887 olim
552 831 724 888 absolutum
758 831 887 888 videtur.
931 830 992 888 Sed
1027 834 1086 886 iam

182 937 321 994 videatur
349 946 381 995 et
409 939 475 1009 tibi,
504 942 588 995 cuius
615 942 842 996 cunctationem
871 957 928 994 nec
950 957 998 993 res
1023 941 1087 1012 ipsa

181 1043 335 1102 desideret
344 1052 377 1102 et
390 1048 534 1120 temporis
549 1048 625 1101 ratio
639 1043 795 1119 praecidit.
838 1043 921 1100 Vale.

598 1312 628 1369 ll

411 1472 442 1529 C.
467 1473 588 1530 Parmos
609 1472 720 1529 Saaruo
742 1471 804 1528 Suo
826 1471 855 1528 S.

224 1629 310 1685 Facis
324 1628 466 1699 iucunde,
481 1629 562 1706 quod
584 1651 646 1687 non
667 1631 764 1688 solum
785 1629 928 1705 plurimas
943 1625 1088 1702 epistulas

182 1753 276 1805 meas,
300 1755 404 1792 verum
430 1739 522 1792 etiam
544 1736 733 1812 longissimas
760 1735 894 1812 flagitas3
918 1731 956 1791 inx
979 1734 1089 1810 quibus

182 1846 299 1917 parcior
319 1842 372 1913 fui,
395 1846 504 1918 partim
525 1847 596 1919 quia
623 1851 691 1900 tuas
718 1845 931 1917 occupationes
952 1841 1088 1910 verebar,

182 1952 293 2023 partim
322 1953 391 2025 quia
419 1952 483 2024 ipse
511 1949 642 2005 multum
670 1949 873 2025 distringebar
908 1946 1089 2023 plerumque

182 2053 300 2130 frigidis
328 2058 469 2130 negotiis,
498 2075 574 2131 quae
603 2055 690 2112 simul
727 2063 759 2112 et
792 2063 920 2111 avocant
954 2059 1090 2111 animum

182 2169 215 2218 ct
237 2165 454 2219 comminuunt.
499 2162 658 2219 Praeterea
678 2181 736 2218 nec
756 2165 883 2219 materia
911 2161 998 2237 plura
1018 2165 1091 2217 scri-

184 2266 277 2323 bendi
299 2267 434 2340 dabatur.
479 2268 587 2346 Neque
609 2273 691 2325 enim
708 2268 815 2327 eadem
834 2276 937 2325 nostra
951 2266 1091 2324 condicio

183 2393 260 2450 quae
285 2373 326 2430 M.
345 2373 436 2444 Tulli,
457 2374 496 2431 ad
518 2379 601 2432 cuius
624 2375 798 2451 exemplum
822 2394 877 2432 nos
900 2394 994 2431 vocas.
1040 2372 1091 2429 Illi

184 2483 266 2536 enim
294 2488 327 2537 et
362 2484 598 2556 copiosissimum
625 2485 783 2558 ingenium
812 2489 844 2538 et
878 2483 1002 2556 ingenio
1030 2499 1092 2556 qua

184 2590 312 2643 varietas
327 2606 427 2644 rerum
441 2606 500 2664 qua
514 2587 693 2663 magnitudo
714 2587 880 2664 largissime
896 2586 1091 2662 suppetebat,

184 2712 239 2748 nos
254 2712 343 2768 quam
357 2697 494 2768 augustis
507 2697 645 2750 terminis
660 2692 843 2765 claudamur,
859 2696 951 2750 etiam
964 2699 1091 2748 tacente

184 2809 233 2846 me
262 2795 415 2866 perspicis,
444 2795 502 2848 nisi
535 2791 615 2849 forte
644 2792 781 2849 volumus
809 2791 1001 2850 scholasticas
1032 2790 1092 2878 tibi

184 2895 286 2964 atque,
316 2896 350 2944 ut
378 2892 421 2944 ita
449 2887 556 2958 dicam,
586 2890 767 2947 umbraticas
801 2889 920 2946 litteras
953 2891 1089 2974 mittere.

185 2985 246 3044 Sed
266 2986 341 3042 nihil
362 2991 462 3043 minus
476 2995 582 3062 aptum
596 2988 784 3059 arbitramur,
799 3007 868 3044 cum
882 3005 965 3042 arma
979 2982 1092 3054 vestra,

183 3104 253 3140 cum
278 3092 384 3154 castra,
408 3104 477 3140 cum
505 3083 638 3160 denique
667 3104 787 3156 cornua,
810 3084 908 3156 tubas,
938 3082 1092 3151 sudorem,

183 3181 348 3256 pulverem,
371 3181 448 3238 soles
469 3185 644 3256 cogitamus.
689 3183 804 3252 Habes,
822 3190 857 3239 ut
877 3189 961 3257 puto,
979 3183 1092 3238 iustam

188 3289 242 3360 178
