2352 3802
423 922 577 995 LIBER
605 915 847 995 DECIMUS

631 1126 644 1182 I

365 1266 395 1324 C.
422 1267 541 1324 Pennus
561 1265 698 1324 Tnarnuo
721 1267 909 1324 Iuennaronr

224 1408 290 1467 Tun
313 1410 436 1487 quidem
461 1413 567 1485 pietas,
591 1413 754 1486 imperator
776 1413 972 1480 sanctissime,
1002 1417 1092 1485 opta-

184 1533 277 1596 verat,
299 1533 445 1602 utquam
465 1525 635 1582 tardissime
658 1525 836 1583 succederes
858 1529 958 1602 putri:
979 1524 1033 1585 sed
1058 1525 1091 1582 di

183 1641 367 1698 immortales
388 1639 609 1698 festinaverunt
630 1645 758 1698 virtutes
782 1649 850 1698 tuas
873 1640 912 1697 ad
937 1642 1091 1716 guberna-

183 1755 250 1812 cula
265 1760 308 1812 rei
323 1757 470 1832 publicae,
486 1777 576 1834 quam
597 1777 780 1834 susceperas,
801 1758 971 1815 admovere.
1016 1757 1091 1815 Pre-

185 1887 236 1923 cor
259 1887 341 1944 ergo,
356 1875 391 1924 ut
405 1870 461 1926 tibi
476 1875 508 1925 et
522 1889 578 1944 per
599 1877 632 1926 te
656 1873 762 1945 generi
787 1868 920 1926 humano
944 1889 1091 1945 prospera

182 1988 292 2054 omnia,
306 1984 338 2040 id
353 1993 400 2042 est
414 1985 506 2060 digna
522 1985 641 2042 sacculo
656 1993 719 2056 tuo,
742 1991 930 2062 contingant.
963 1985 1091 2041 Fortem

181 2105 214 2154 te
249 2105 282 2155 et
313 2097 449 2170 hilarem,
478 2103 643 2176 imperator
671 2105 796 2176 optime,
825 2108 857 2157 et
884 2104 1023 2176 privatim
1056 2109 1090 2157 et

181 2213 302 2287 publice
317 2222 397 2289 opto.

616 2432 646 2487 11

360 2569 391 2626 C.
417 2570 538 2627 Pnrnrus
559 2571 697 2628 Tnamuo
720 2572 907 2629 Iurnnrronr

222 2707 411 2781 Exrnmsnu,
426 2710 558 2782 domine,
579 2713 677 2769 verbis
698 2733 760 2768 non
782 2733 912 2788 possum,
935 2720 1091 2789 quantum

180 2814 256 2870 mihi
283 2816 428 2892 gaudium
455 2818 602 2889 attuleris
631 2819 713 2896 quod
740 2839 790 2876 me
814 2819 941 2895 dignum
968 2823 1090 2894 putasti

180 2923 245 2977 iure
259 2925 352 2977 trium
366 2920 536 2979 liberorum.
580 2922 725 2993 Quamvis
750 2928 832 2981 enim
858 2925 916 2981 Iuli
937 2925 1090 2995 Serviani,

180 3029 287 3102 optimi
311 3031 367 3083 viri
390 3032 496 3105 tuique
521 3033 727 3101 amantissimi,
750 3033 889 3106 precibus
913 3031 1090 3101 indulseriS‚

213 3188 226 3210 α
242 3179 341 3240 Nerva,
350 3181 411 3230 who
419 3182 472 3230 had
481 3182 596 3247 adopted
604 3183 703 3246 Trajan
715 3184 790 3233 three
802 3185 908 3234 months
920 3186 1089 3252 previously,

180 3245 242 3294 died
259 3262 293 3294 on
310 3245 370 3296 Jan.
391 3249 432 3306 28,
449 3249 480 3297 98
499 3261 555 3297 ΑΛ),
592 3248 690 3312 Trajan
708 3250 827 3298 received
845 3250 891 3299 the
908 3265 979 3299 news
996 3251 1025 3299 of
1045 3253 1092 3302 his

183 3355 239 3412 274
