2334 3686
331 329 419 388 THE
449 328 632 388 LETTERS
661 329 716 388 OF
746 327 872 386 PLINY

1129 106 1134 235 ι

54 522 60 540 .
150 489 262 558 Marco,
290 487 453 544 clarissimo
481 491 554 557 vira,
575 495 699 544 auctore
720 494 753 544 te
775 491 890 562 scripsi,
910 493 946 542 ut
966 485 1055 543 libra-

148 605 246 653 torem
261 615 351 673 quam
365 599 495 652 maxime
509 594 653 652 idoneum
668 598 815 652 mitteret.
1135 610 1137 665 l

553 812 642 870 LXII
1134 682 1139 843 l

463 946 618 1004 Tamarus
641 947 746 1004 Panno

191 1082 404 1139 Mxnmasrux'
418 1090 476 1153 esi,
499 1086 542 1138 mi
564 1081 705 1139 Secunde
726 1085 888 1152 carissime,
908 1101 966 1138 nec
988 1101 1060 1157 pru-

151 1181 287 1238 dentiam
315 1200 372 1237 nec
401 1180 592 1256 diligentiam
620 1181 678 1238 tibi
705 1178 838 1238 defuisse
866 1183 945 1236 circa
965 1184 1060 1237 istum

152 1280 261 1350 lacum,
276 1299 344 1336 cum
358 1287 422 1336 tam
437 1279 534 1337 multa
552 1283 670 1355 provisa
688 1278 810 1350 habeas,
824 1298 879 1354 per
900 1299 978 1357 quae
1000 1300 1061 1337 nec

114 1442 120 1446 ι
151 1377 342 1454 periclitetur
367 1377 518 1435 exhauriri
533 1384 566 1434 et
579 1381 675 1453 magis
689 1381 722 1433 in
740 1397 812 1434 usus
830 1378 917 1434 nobis
938 1377 1060 1436 futurus
1143 1424 1145 1451 ,

151 1480 199 1533 sit.
235 1474 324 1550 Elige
338 1479 432 1550 igitur
445 1475 486 1546 id,
498 1475 580 1552 quod
594 1479 756 1552 praecipue
770 1494 819 1533 res
837 1480 902 1552 ipsa
921 1481 1059 1534 suaserit.
1143 1490 1145 1517 ¹

151 1573 347 1650 Calpurnium
363 1574 500 1630 Macrum
515 1574 607 1631 credo
628 1573 789 1644 facturum,
804 1582 839 1631 ut
860 1582 893 1631 te
914 1574 1060 1632 libratore

150 1675 291 1742 instruat,
309 1691 410 1748 neque
430 1677 512 1730 enim
532 1676 704 1750 provinciae
726 1676 803 1730 istae
825 1673 872 1730 his
892 1673 1061 1731 artificibus

65 1781 69 1788 '
151 1777 264 1827 carent.

552 1961 658 2018 LXIll

327 2095 359 2152 C.
384 2094 505 2152 Pramus
526 2094 665 2152 Taxrsno
688 2096 876 2152 luccensem

194 2228 329 2286 Scnrrsm
342 2228 426 2299 mihi,
441 2228 574 2300 domine,
591 2228 761 2306 Lycormas,
776 2227 904 2285 libertus
917 2235 1000 2298 tuus,
1016 2236 1063 2298 ut,

153 2329 178 2382 si
200 2346 260 2403 qua
281 2325 395 2401 legatio
419 2347 437 2382 a
460 2325 593 2402 Bosporo
617 2330 752 2383 venisset
780 2326 887 2383 urbem
914 2329 1064 2401 petitura,

153 2443 255 2501 usque·
276 2428 309 2478 in
336 2423 502 2481 adventum
528 2443 616 2482 suum
640 2427 833 2482 retineretur.
877 2423 918 2481 Et
945 2423 1066 2499 legatio

153 2522 277 2598 quidem
292 2521 451 2580 dumtaxat
465 2525 498 2577 in
513 2541 580 2579 eam
595 2526 760 2592 civitatem,
775 2525 807 2578 in
822 2541 881 2599 qua
895 2525 969 2597 ipse
982 2541 1065 2592 sum,
1155 2515 1156 2558 Ψ

154 2621 237 2677 nulla
253 2620 353 2677 adhuc
373 2625 478 2689 venit;
500 2620 554 2678 sed
572 2625 657 2678 venit
671 2620 847 2678 tabellarius
863 2618 1065 2677 Sauromatae

153 2723 232 2795 regis
244 2739 335 2796 quem
347 2720 427 2794 ego,1
439 2740 510 2777 usus
524 2723 766 2796 opportunitate,
778 2738 868 2796 quam
883 2717 958 2774 milri
973 2738 1067 2778 casus

153 2816 316 2887 obtulerat,
337 2836 406 2873 cum
427 2817 595 2888 tabellario,
615 2822 666 2894 qui
689 2818 867 2894 Lycormam
890 2836 927 2873 ex
948 2820 1068 2874 itinere

186 2931 385 2983 ¹Sauromatae
414 2933 484 2998 regis
514 2950 591 2998 quern
623 2950 671 2998 ego
696 2933 827 2996 Sclaefcr,
859 2933 936 2993 KH„
968 2933 1066 2995 Mida,

155 2998 270 3059 Kal-ala,
284 2999 358 3047 cuius
376 3014 423 3062 ego
435 2999 497 3060 Aa,
516 3015 595 3063 quem
607 3015 655 3064 ego
667 3015 692 3058 a,
708 2998 770 3059 Ka,
786 2999 875 3048 Hard.

915 3087 1062 3094 *q-

185 3125 198 3148 α
215 3116 263 3166 See
275 3132 299 3166 x.
314 3118 354 3166 42.
481 3117 540 3167 lac.
562 3116 682 3175 Nioaoa;
700 3117 733 3179 cf.
748 3133 773 3165 x.
786 3118 826 3169 67.

186 3192 196 3212 ⁰
214 3180 309 3246 Hardy
326 3182 373 3232 har
391 3181 482 3232 shown
500 3181 561 3231 that
578 3181 750 3232 Sauromatae
766 3181 829 3231 does
847 3185 895 3230 not
911 3180 981 3230 refer
998 3185 1031 3232 to
1050 3201 1069 3232 a

156 3278 214 3350 360
