2354 3802
357 377 447 434 THE
477 375 660 434 LETTERS
687 375 741 435 OF
770 376 897 434 PLINY

175 539 308 595 Tantum
323 536 375 594 ille
389 537 502 614 populo
515 536 616 595 dabat.
662 536 756 594 Recte
776 555 815 593 an
837 555 933 608 secuS,
951 537 1029 595 nihil
1042 538 1083 596 ad

175 663 233 702 me.
277 643 344 720 Ego
368 647 450 701 enim
475 663 536 700 non
558 642 704 719 populum
722 642 882 715 advocare,
904 644 959 703 sed
981 653 1083 702 certos

176 750 351 828 electosque
374 749 467 821 soleo,
485 768 560 828 quos
581 753 710 820 intuear,
732 751 841 826 quibus
860 749 992 820 credam,
1005 771 1083 828 quos

176 858 309 936 denique
324 867 357 916 et
370 867 525 936 tamquam
540 849 674 935 smgul'os
688 858 845 915 observem
872 865 905 914 et
925 865 1082 934 tamquam

175 986 236 1023 non
251 966 385 1043 singulos
398 971 531 1024 timeam.
570 965 659 1037 Nam,
673 965 755 1043 quod
770 965 812 1024 M.
829 965 933 1023 Cicero
946 965 986 1022 de
1000 965 1084 1037 stilo,

175 1093 233 1150 ego
251 1073 290 1131 de
311 1081 396 1132 metu
417 1077 524 1132 sentio.
569 1074 689 1130 ‘Timor
709 1081 766 1143 est,
789 1077 880 1131 timor
901 1072 1083 1131 emendator

174 1180 397 1256 aspernmus.'1
455 1181 524 1237 Hoc
559 1184 669 1257 Ipsum,
695 1179 776 1257 quod
811 1199 866 1238 nos
901 1183 1083 1238 recitaturos

174 1291 351 1363 cogitamus,
379 1287 533 1359 emendat,
561 1287 642 1364 quod
669 1286 852 1344 auditorium
883 1285 1082 1363 ingredimur,

174 1393 329 1464 emendat,
337 1394 418 1471 quod
429 1393 587 1470 pallemus,
596 1393 803 1464 horrescimus,
815 1397 1083 1469 circumspicimus,

173 1500 326 1558 emendat.

215 1606 345 1663 Proinde
380 1626 441 1662 non
476 1610 615 1682 paenitet
648 1626 697 1664 me
725 1603 953 1664 consuetudinis
981 1627 1080 1678 meae,

173 1734 264 1791 quam
286 1714 476 1772 utilissimam
500 1718 649 1790 experior,
672 1714 809 1792 adeoque
837 1734 898 1770 non
923 1713 1081 1772 deterreor

174 1820 372 1878 sermunculis
400 1825 536 1891 istorum,
563 1829 600 1878 ut
623 1821 701 1880 ultro
725 1830 758 1880 te
785 1841 900 1898 rogem,
928 1830 1080 1881 monstres

172 1927 298 2004 aIIquId,
321 1927 400 2005 quod
427 1928 473 1985 his
500 1927 618 1986 addam.
663 1927 747 1985 NIhiI
772 1932 853 1985 enim
878 1947 967 1985 curae
991 1948 1079 1987 meae

173 2038 244 2092 satis
267 2043 322 2092 est.
367 2036 485 2112 Cogita,
499 2055 589 2112 quam
611 2039 651 2092 sit
671 2055 816 2110 magnum
830 2034 902 2092 dare
916 2034 1031 2111 aliquid
1045 2039 1079 2093 in
1144 2061 1148 2072 ¹

172 2160 279 2198 manus
301 2141 467 2211 hominum,
490 2161 547 2200 nec
568 2141 750 2217 persuadere
773 2141 847 2197 mihi
871 2161 993 2217 possum
1015 2161 1078 2199 non

173 2255 288 2304 etcum
302 2248 406 2305 multis
428 2256 461 2305 et
481 2267 572 2324 saepe
591 2247 795 2318 tractandum,
809 2246 890 2324 quod
909 2247 1029 2324 placere
1045 2257 1078 2306 et

172 2373 293 2430 semper
307 2362 339 2412 et
353 2356 492 2413 omnibus
506 2360 616 2433 cupias.
661 2355 742 2412 Vale.

568 2675 674 2732 XVIII

397 2833 428 2889 C.
454 2833 574 2889 Parmos
596 2832 724 2889 Camino
746 2832 807 2890 Suo
829 2832 858 2889 S.

212 2991 381 3047 Damascus
416 3010 545 3061 mecum,
579 3010 671 3067 quem
704 2991 743 3047 ad
777 2990 901 3049 modum
936 2995 1075 3066 pecunia,

170 3118 261 3175 quam
284 3099 485 3175 municipibus
504 3101 614 3155 nostris
636 3101 667 3152 In
690 3097 814 3173 epulum
837 3097 984 3168 obtulisti,
1006 3107 1076 3174 post

439 3229 518 3280 1Οἰο.
533 3227 648 3278 deOrat.
663 3229 681 3278 i.
694 3229 735 3289 33,
751 3229 804 3279 150.

172 3340 211 3392 44
