2334 3686
359 362 448 422 THE
476 361 661 422 LETTERS
686 363 741 421 OF
772 360 899 420 PLINY

579 597 677 654 XCIV

359 737 390 795 C.
416 737 536 794 Puuuus
558 737 696 794 Traiano
719 737 907 794 Iuruuurom

219 879 396 938 Suarouruu
419 877 648 950 Taauouruuuu,
667 879 889 954 probissimum,
908 879 1082 936 honestissi-

177 1016 271 1066 mum,
287 994 524 1052 eruditissimum
538 997 644 1065 virum,
660 1001 692 1051 et
706 1013 805 1051 mores
822 998 887 1052 eius
907 1003 1033 1052 secutus
1053 1003 1084 1052 et

179 1111 278 1169 studia
292 1109 480 1188 iampridem,
495 1108 627 1181 domine,
642 1113 675 1165 in
696 1109 929 1167 contubernium
950 1130 1084 1186 assump
1140 1144 1143 1189 ¹,

179 1231 213 1297 si,
247 1233 396 1302 tantoque
430 1228 526 1301 magis
561 1223 690 1301 diligere
724 1228 820 1301 coepi,
853 1232 968 1302 quanto
1004 1225 1085 1282 hunc

179 1345 301 1419 propius
328 1344 455 1417 inspexi.
501 1341 583 1397 Huic
601 1345 657 1406 ¹ius
679 1345 772 1398 trium
794 1340 958 1398 liberorum
979 1360 1086 1399 neces·
1142 1348 1144 1361 '

178 1461 290 1515 sarium
300 1455 416 1514 faciunt
430 1456 509 1514 duae
524 1476 650 1526 causae;
664 1461 735 1514 n'arn
750 1465 783 1514 et
796 1457 906 1515 iudicia
920 1461 1085 1515 amicorum
1141 1476 1144 1517 5

179 1581 369 1650 promeretur
383 1581 416 1631 et
430 1593 536 1650 parum
551 1573 625 1631 felix
639 1576 864 1632 matrimonium
879 1582 1029 1651 expertus
1043 1582 1088 1631 est

179 1687 465 1765 impetrandumque
480 1709 498 1744 a
511 1689 649 1746 bonitate
668 1695 722 1744 tua
738 1706 793 1763 per
809 1707 864 1744 nos
885 1688 991 1760 habet,
1006 1689 1086 1768 quod

180 1804 224 1860 illi
252 1803 392 1862 fortunae
420 1804 594 1880 malignitas
621 1803 795 1880 denegavit.
847 1803 924 1875 Scio,
952 1803 1088 1875 domine,

180 1925 327 1995 quantum
349 1918 531 1976 beneficium
553 1926 667 1994 petam,
681 1917 736 1975 sed
757 1926 831 1996 peto
851 1939 869 1975 a
889 1926 931 1990 te,
948 1923 1037 1978 cuius
1059 1925 1089 1977 in
1144 1956 1146 1969 ι

181 2033 320 2090 omnibus
348 2032 505 2090 desideriis
529 2037 606 2090 meis
634 2034 840 2109 plenissimam
861 2033 1088 2111 indulgentiam

181 2152 327 2224 experior.
365 2148 455 2205 Potes
499 2155 603 2206 autem
645 2148 800 2225 colligere,
845 2157 959 2226 quanto
995 2171 1089 2228 opere

181 2268 310 2340 cupiam,
334 2263 415 2340 quod
443 2283 505 2320 non
533 2281 670 2339 rogarem
698 2264 819 2335 absenS,
841 2268 865 2320 si
892 2265 1090 2324 mediocriter

180 2398 332 2455 cuperem.

592 2579 675 2637 XCV

493 2726 647 2784 Tauranus
671 2726 775 2784 anro

224 2869 317 2942 Quau
333 2889 423 2945 parce
437 2851 513 2926 haec
527 2869 674 2926 beneficia
688 2870 830 2940 tribuam,
844 2873 962 2946 utique,
976 2876 1020 2928 mi
1035 2871 1091 2930 Se-

183 3001 283 3059 cunde
308 3004 469 3071 carissime,
494 3000 602 3057 haeret
626 3000 692 3070 tibi,
715 3021 785 3057 cum
810 3004 903 3058 etiam
926 3004 958 3056 in
980 3009 1091 3059 senatu

343 3143 446 3152 ...n-..-

541 3207 554 3230 α
572 3199 598 3248 ii.
615 3199 653 3258 13,
668 3204 737 3248 note.
