2352 3802
338 389 428 449 THE
456 391 640 450 LETTERS
668 392 724 450 OF
753 392 878 450 PLINY

537 596 676 655 XXXIII

339 731 370 788 C.
395 730 516 786 Pennus
536 729 675 786 Tnamuo
698 728 885 786 Incunaronr

199 867 267 924 Con
302 865 450 922 diversam
489 870 607 939 partem
649 866 821 938 provinciae
862 851 1064 933 circumirem,

159 976 354 1036 Nicomediae
376 977 577 1032 vastissimum
598 973 773 1031 incendium
795 973 906 1031 multas
930 976 1063 1049 privato-

157 1111 224 1148 rum
253 1089 358 1147 domos
386 1094 419 1143 et
447 1085 507 1142 duo
536 1084 657 1160 publica
684 1104 776 1161 opera
804 1104 986 1162 quamquam
1014 1088 1064 1141 via

157 1203 368 1276 interiacente,
404 1196 553 1253 Gerusian
590 1203 623 1252 et
658 1194 757 1264 Iseon,
786 1196 961 1272 absumpsit.
1005 1195 1064 1252 Est

157 1317 261 1367 autem
275 1308 365 1365 latius
379 1325 515 1383 sparsum
530 1309 660 1381 primum
675 1304 819 1362 violentia
839 1309 933 1376 venti,
947 1303 1063 1362 deinde

157 1423 267 1477 inertia
302 1417 470 1487 hominum,
498 1415 592 1493 quosl
622 1419 693 1473 satis
728 1423 848 1473 constat
882 1419 993 1473 otiosos
1028 1424 1064 1474 et

157 1529 327 1588 immobiles
362 1531 441 1586 tanti
475 1526 546 1583 mali
581 1534 767 1602 spectatores
801 1531 988 1603 perstitisse3
1028 1535 1063 1586 et

158 1641 269 1720 alioqui
284 1640 385 1700 nullus
399 1659 525 1716 usquam
547 1643 578 1694 in
600 1637 721 1714 publico
741 1637 837 1714 sipho‚
859 1637 943 1696 nulla
962 1638 1063 1710 hama,

157 1750 276 1808 nullum
292 1751 425 1827 denique
445 1753 683 1806 instrumentum
704 1748 742 1805 ad
764 1748 905 1805 incendia
926 1768 1063 1824 compes·

132 1861 263 1936 xcenda.
307 1861 348 1918 Et
375 1860 450 1918 haec
479 1860 612 1938 quidem,
641 1867 676 1917 ut
710 1863 770 1916 iam
798 1864 948 1937 praecepi,
976 1880 1063 1936 para-

158 1978 280 2034 buntur.
324 1974 380 2045 Tu,
395 1976 528 2045 domine,
543 1973 668 2050 dispice,
681 1993 721 2030 an
735 1974 958 2032 instituendum
971 1980 1064 2048 putes

159 2085 321 2162 collegium
346 2083 499 2142 fabrorum
524 2083 683 2142 dumtaxat
705 2083 862 2141 hominum
891 2083 949 2141 CL.
994 2083 1063 2160 Ego

157 2198 327 2269 attendam,
350 2200 480 2274 nequis
505 2199 564 2254 nisi
587 2195 673 2254 faber
698 2199 871 2272 recipiatur,
895 2214 973 2252 neve
995 2199 1063 2254 iure

157 2327 299 2364 concesso
313 2310 344 2363 in
360 2305 442 2363 aliud
457 2313 579 2374 utatur;
609 2325 666 2362 nec
688 2309 746 2363 erit
767 2304 887 2363 difficile
909 2305 1063 2363 custodire

157 2424 222 2474 tam
237 2437 354 2493 paucos.

542 2591 677 2649 XXXlV

466 2724 621 2781 Tnsmnus
644 2724 748 2782 Primo

199 2855 267 2913 Tiar
292 2856 416 2934 quidem
439 2857 606 2915 secundum
634 2858 774 2934 exempla
802 2857 1002 2935 complurium
1028 2861 1063 2916 in

158 2969 295 3018 mentem
330 2967 414 3021 venit
455 2982 542 3038 posse
584 2963 746 3039 collegium
787 2963 939 3022 fabrorum
980 2966 1063 3041 apud

160 3068 398 3126 Nicomedenses
413 3073 565 3127 constitui.
611 3070 671 3128 Sed
693 3075 920 3128 meminerimus
941 3076 1063 3147 provin-

399 3225 407 3256 ¹
424 3242 489 3290 quos
502 3225 694 3286 Biclarahusiuu
708 3226 777 3291 quod
789 3243 814 3277 u.

162 3321 220 3391 318
