2334 3686
367 243 456 302 THE
485 243 668 302 LETPERS
697 243 752 301 OF
781 241 906 300 PLlNY

185 421 222 459 eo
236 401 296 472 die,
311 421 371 479 quo
385 409 456 459 sunt
470 405 604 458 coronati
618 419 625 468 ;
644 400 720 457 nihil
735 404 817 457 enim
832 398 954 471 referre,
970 401 1094 478 quando

185 525 246 578 sint
260 525 389 596 patriam
407 524 530 590 invecti,
546 520 600 578 sed
621 519 743 596 quando
762 523 928 576 certamine
949 523 1092 602 vicerint,

185 659 223 696 ex
237 659 298 716 quo
311 638 414 696 invehi
429 643 553 714 possint.
597 637 665 714 Ego
683 637 907 696 contrascribol
929 644 939 672 ‘
946 639 1092 696 iselastici

185 757 323 814 nomine'
340 762 383 815 ita
397 757 452 815 ut²
466 757 666 815 vehementer
680 757 867 829 addubitem,
881 778 921 814 an
935 762 976 815 sit
989 763 1093 834 potius

185 878 216 935 id
244 873 376 954 tempus,
400 896 460 954 quo
488 878 654 954 εἰσήλασαν,
675 877 865 936 intuendum.
910 878 1009 936 Iidem
1040 881 1091 937 ob-

185 1000 269 1054 sonia
283 1003 397 1072 petunt
410 1015 465 1071 pro
479 1014 516 1052 eo
529 1015 638 1071 agone,
653 1000 705 1072 qui
719 1016 737 1051 a
750 1004 783 1054 te
800 995 968 1054 iselasticus
991 994 1092 1054 factus

185 1123 242 1184 est,
257 1117 392 1191 quamvis
406 1117 544 1184 vicerint,
559 1122 631 1172 ante
646 1134 737 1191 quam
752 1114 846 1172 fieret.
889 1115 987 1173 Aiunt
1006 1121 1091 1174 enim

185 1253 356 1310 congruens
378 1253 454 1304 esse,
476 1237 555 1291 sicut
576 1253 638 1290 non
662 1233 754 1291 detur
777 1234 834 1292 sibi
856 1254 910 1310 pro
934 1239 970 1292 iis
992 1244 1092 1293 certa-

185 1355 326 1424 minibus,
360 1373 437 1431 quae
468 1373 533 1411 esse
565 1354 725 1425 iselastica,
752 1361 912 1431 postquam
940 1359 1092 1428 vicerunt,

185 1474 352 1543 desierunt,
366 1478 409 1532 ita
423 1495 477 1550 pro
491 1479 527 1530 iis
541 1474 615 1545 dari,
630 1494 707 1551 quae
722 1493 787 1532 esse
807 1483 982 1550 coeperunt.
1030 1475 1092 1532 Hic

185 1612 305 1669 quoque
320 1611 381 1647 non
400 1592 595 1650 mediocriter
615 1591 736 1664 haereo,
750 1611 789 1649 ne
811 1596 984 1669 cuiusquam
1007 1602 1092 1650 retro

186 1711 335 1769 habeatur
362 1716 447 1782 ratio,
476 1711 680 1789 dandumque,
709 1711 790 1788 quod
818 1720 902 1782 tunc,
926 1732 995 1769 cum
1025 1717 1091 1769 vin-

186 1838 302 1900 cerent,
317 1849 378 1886 non
393 1830 570 1887 debebatur.
616 1829 700 1906 Rogo
714 1849 796 1906 ergo,
812 1838 846 1888 ut
865 1830 1091 1888 dubitationem

186 1970 285 2008 meam
308 1969 424 2026 regere,
439 1949 471 2006 id
491 1957 539 2006 cst
560 1949 706 2007 beneficia
727 1958 780 2007 tua
801 1954 1006 2026 interpretari,
1024 1955 1090 2028 ipse

185 2069 326 2144 digneris,

588 2242 687 2298 CXIX

495 2383 649 2440 Tauranus
672 2383 776 2439 Pmruo

226 2525 417 2582 lsniasrrcuu
441 2533 515 2582 tunc
543 2529 674 2600 primum
702 2508 776 2579 milii
804 2522 925 2580 videtur
951 2527 1089 2600 incipere

184 2630 298 2701 deberi,
322 2652 391 2688 cum
414 2635 480 2708 quis
499 2635 531 2686 in
551 2634 706 2688 civitatem
728 2650 813 2687 suam
835 2633 899 2705 ipse
922 2629 1087 2705 εἰσήλασεν.

186 2737 321 2794 Obsonia
348 2757 452 2794 eorum
486 2741 695 2806 certaminum,
724 2756 801 2813 quae
836 2735 986 2792 iselastica
1021 2758 1089 2796 esse

184 2841 298 2918 placuit
312 2843 396 2914 mihi,
413 2847 437 2900 si
451 2851 524 2900 ante
538 2843 688 2900 iselastica
703 2863 764 2898 non
778 2841 912 2912 suerunt,
928 2850 1011 2900 retro
1026 2864 1089 2901 non

183 2955 224 3069 ΕΙ
241 2957 298 3021 Ego
318 2957 497 3072 contrapp‘ribo
519 2957 658 3006 ‘iselastioi
678 2957 797 3006 nomine’
820 2955 909 3016 Orelli,
928 2972 960 3005 ex
976 2973 1004 3016 a,
1023 2959 1086 3018 Au,

224 3028 343 3072 ocontra
354 3023 404 3072 scri
451 3024 480 3071 is.
496 3038 563 3071 nom.

206 3037 225 3114 82
241 3087 281 3135 ita
293 3095 324 3136 ut
336 3087 488 3147 Beroaldus,
502 3088 592 3151 itaque
604 3103 693 3138 uorum
706 3105 732 3147 u,
746 3086 795 3138 Au.

184 3179 244 3248 428
