2362 3794
469 893 622 964 LIBER
650 893 830 970 NONUS

642 1120 655 1175 1

417 1266 447 1322 C.
473 1265 594 1321 Fuimus
616 1265 744 1321 Maximo
767 1263 827 1322 Soo
850 1263 878 1322 S.

242 1413 338 1470 Saum:
360 1419 393 1468 te
416 1415 528 1480 monui,
552 1418 587 1467 ut
606 1411 707 1480 libroS,
722 1429 796 1486 quos
814 1408 862 1465 vel
885 1416 986 1485 prote
1006 1409 1055 1467 vel
1073 1413 1104 1464 in

202 1543 351 1612 Plantam,
365 1547 457 1598 immo
473 1550 505 1599 et
515 1560 570 1617 pro
584 1549 616 1598 te
626 1549 658 1598 et
672 1546 704 1597 in
713 1539 798 1596 illum
814 1544 869 1617 (ita
883 1545 965 1597 enim
979 1545 1106 1598 materia

201 1675 342 1749 cogebat)
369 1677 571 1749 composuisti,
597 1693 686 1750 quam
708 1677 909 1730 maturissime
938 1678 1105 1747 emitteres

202 1806 283 1884 quod
304 1827 385 1863 nunc
401 1810 561 1882 praecipue
581 1813 679 1862 morte
697 1809 761 1862 eius
778 1805 881 1863 audita
899 1814 931 1863 et
950 1805 1055 1864 hortor
1075 1815 1107 1864 et

201 1958 318 1996 moneo.
363 1938 507 2008 Quamvis
533 1942 614 1994 enim
637 1937 747 2013 legeris
771 1938 875 1995 multis
897 1939 1106 2016 legendosque

201 2071 332 2141 dederiS,
362 2071 432 2126 nolo
459 2079 564 2127 tamen
599 2090 781 2146 quemquam
809 2075 925 2146 opinari
959 2070 1108 2128 defuncto

202 2202 325 2260 demum
340 2202 505 2272 inchoatos,
520 2221 594 2278 quos
613 2201 756 2258 incolumi
772 2221 808 2258 eo
822 2206 975 2278 peregisti.
1019 2202 1109 2260 Salva

202 2341 242 2394 sit
255 2338 312 2393 tibi
327 2341 514 2394 constantiae
529 2335 616 2392 fama.
640 2335 706 2392 Erit
714 2343 827 2405 autem,
843 2339 866 2391 si
881 2344 988 2393 notum
1002 2341 1109 2413 aequis

202 2472 372 2545 iniquisque
393 2467 486 2525 fuerit
509 2487 571 2523 non
585 2475 654 2542 post
674 2469 787 2523 inimici
806 2474 936 2525 mortem
955 2468 1109 2525 scribendi

202 2603 259 2658 tibi
273 2610 376 2659 natam
391 2621 456 2659 esse
472 2601 620 2670 fiduciam,
636 2600 689 2657 sed
711 2605 770 2657 iam
784 2609 922 2676 paratam
937 2601 1109 2659 editionem

203 2742 300 2791 morte
316 2741 520 2810 praeventam.
565 2732 660 2790 Simul
674 2734 782 2789 vitabis
797 2732 872 2789 illud

469 2885 476 2911 ‘
488 2881 550 2956 Οὐχ
565 2879 632 2953 ὁσίη
646 2877 843 2954 φθιμένοισιν.’

205 3023 292 3094 Nam,
305 3022 385 3100 quod
400 3022 439 3079 de
451 3026 572 3078 vivente
588 3025 742 3096 scriptum,
754 3020 793 3078 de
808 3024 930 3078 vivente
945 3027 1112 3081 recitatum

532 3185 544 3206 α
562 3174 652 3239 Odyea
668 3178 707 3226 23.
722 3178 778 3226 412.

209 3265 264 3335 176
