2352 3802
376 343 466 401 THE
495 342 678 400 LETTERS
707 343 762 400 OF
792 341 917 400 PLINY

582 576 718 634 XLVIII

504 711 660 767 Tnarsrvus
683 709 787 767 Panno

236 837 379 898 Lrnmous
394 841 609 917 Apameorum,
623 861 715 918 quem
730 841 879 918 epistulae
899 849 971 899 tuae
993 844 1104 898 iunxe-

193 942 251 994 ras,
278 927 394 980 remisit
421 923 496 978 mihi
518 927 732 980 necessitatem
754 922 976 999 perpendendi,
1000 922 1104 999 qualia

193 1011 306 1074 essent,
334 1011 459 1080 propter
485 1024 563 1080 quae
599 1004 694 1061 videri
729 1004 835 1062 volunt
869 1023 931 1075 eos,
958 1008 1009 1081 qui
1044 1023 1104 1080 pro

193 1084 365 1142 consulibus
386 1085 465 1141 hanc
485 1090 669 1161 provinciam
689 1088 898 1156 othnuerunt,
918 1086 1104 1142 abstinuisse

192 1170 381 1241 inspectione
416 1170 567 1223 rationum
601 1187 732 1236 suarum,
760 1188 839 1238 cum,
867 1167 954 1242 ipsel
984 1175 1018 1223 ut
1048 1187 1103 1223 eas

192 1251 366 1322 inspicereS,
402 1267 463 1303 non
505 1253 718 1305 recusaverint.
778 1247 1008 1306 Remuneranda
1051 1257 1104 1305 est

192 1332 286 1404 igItur
300 1330 433 1404 probitas
454 1348 568 1399 eorum,
583 1337 618 1385 ut
639 1334 697 1385 iam
719 1349 800 1386 nunc
823 1334 920 1387 sciant
933 1330 1000 1400 hoc,
1015 1330 1102 1405 quod

192 1413 383 1484 inspecturus
398 1430 439 1480 ea,
455 1430 492 1466 ex
506 1429 574 1466 mea
588 1411 745 1468 voluntate
760 1411 859 1484 salviS,
872 1431 949 1488 quae
971 1410 1102 1480 habent,

192 1490 357 1566 privilegiIs
371 1511 437 1548 esse
448 1491 607 1549 facturum.

589 1698 693 1756 XLIX

366 1827 398 1886 C.
430 1829 549 1887 Pennus
571 1830 709 1888 Tnmauo
731 1832 918 1890 Iurrnaronr

233 1962 321 2020 Aure
355 1963 522 2021 adventum
550 1984 662 2035 meum,
691 1965 824 2036 domine,
857 1965 1100 2023 Nicomedenses

190 2048 282 2120 priori
296 2044 361 2100 foro
375 2064 486 2101 novum
500 2045 620 2102 adicere
641 2054 819 2122 coeperunt,
833 2051 916 2104 cuius
930 2050 970 2102 in·
983 2047 1100 2122 angulo

191 2133 239 2181 est
257 2125 348 2182 aedes
362 2130 565 2182 vetustissima
581 2128 688 2184 Matris
704 2128 834 2203 Magnae
856 2136 909 2185 aut
931 2127 1100 2185 reficienda

190 2213 244 2262 aut
258 2205 468 2264 transferenda
493 2209 532 2264 ob
558 2207 614 2264 hoc
638 2213 809 2284 praecipue,
825 2209 905 2286 quod
928 2216 975 2266 est
997 2210 1100 2267 multo

155 2287 160 2294 ’
190 2285 360 2362 depressior
374 2308 465 2364 opere
480 2309 526 2359 eo,
541 2290 622 2364 quod
637 2309 705 2346 cum
727 2294 856 2347 maxime
879 2294 983 2366 surgit,
1029 2291 1100 2366 Ego

190 2386 260 2423 cum
278 2387 465 2444 quaererem,
479 2390 552 2426 num
574 2379 655 2427 esset
675 2371 775 2448 aliqua
795 2370 844 2428 lex
866 2371 947 2428 dicta
967 2373 1099 2448 templo,

190 2453 318 2523 cognovi
352 2449 444 2506 alium
473 2450 531 2521 hic,
559 2451 652 2508 alium
686 2453 767 2528 apud
802 2471 856 2509 nos
884 2472 949 2510 esse
977 2472 1099 2510 morem

190 2529 396 2588 dedicationis.
440 2531 563 2607 Dispice
578 2553 661 2608 ergo,
675 2533 808 2604 domine,
822 2554 861 2590 an
871 2541 961 2610 putes
974 2535 1099 2606 aedem,

190 2615 238 2668 cui
252 2611 335 2668 nulla
348 2611 398 2669 lex
412 2611 495 2670 dicta
508 2621 565 2683 est,
579 2614 660 2670 salva
674 2615 820 2690 religione
829 2634 916 2691 posse
927 2615 1095 2674 transferri.

190 2691 311 2769 Alioqui
326 2693 600 2752 commodissimum
615 2703 672 2767 est,
686 2700 710 2752 si
725 2695 830 2772 religio
844 2715 906 2754 non
920 2697 1061 2772 impedIt.

221 2803 303 2868 1ipse
321 2811 353 2855 ut
367 2821 411 2855 eas
422 2807 514 2872 inspic.
530 2809 637 2872 Hordy,
658 2825 716 2858 cum
736 2810 792 2874 ipse
810 2847 815 2859 .
836 2847 843 2861 .
864 2847 870 2860 .
889 2825 941 2858 non
957 2827 1095 2861 recusave-

188 2870 239 2920 rim
250 2871 312 2931 Av.,
327 2887 385 2920 cum
398 2873 484 2936 ipsum
496 2879 524 2924 te
535 2880 567 2924 ut
579 2891 622 2924 eas
635 2875 727 2940 inspic.
741 2891 793 2925 non
806 2877 987 2926 recusaverint
998 2893 1024 2928 u.

221 2993 233 3016 ¹¹
250 2986 306 3035 The
317 2986 452 3054 Phrygian
464 2989 584 3040 Goddess
595 2991 701 3056 Cybele.

220 3051 231 3082 ⁶
248 3051 304 3103 The
320 3053 459 3116 pontifices
476 3071 509 3104 on
527 3058 710 3122 consecrating
725 3074 742 3107 a
759 3057 858 3122 temple
874 3058 947 3108 drew
964 3075 1001 3124 up
1019 3076 1036 3108 a
1053 3061 1095 3108 lex

187 3115 356 3168 dedicationis
373 3135 402 3168 or
418 3120 460 3169 Ieoe
476 3122 573 3184 templi,
592 3121 709 3188 defining
731 3124 766 3174 its
782 3124 922 3188 precinctu,
942 3125 978 3174 its
995 3126 1092 3190 rights,

188 3182 224 3231 its
237 3182 327 3244 ritual,
341 3185 393 3233 and
407 3184 453 3233 the
464 3185 680 3237 administration
692 3188 720 3237 of
731 3191 767 3239 its
779 3204 913 3238 revenuea.
951 3189 1082 3256 (Hardy.)

191 3277 250 3350 338
