2438 3790
368 221 456 279 THE
485 220 668 279 LETTERS
696 221 752 284 OF
781 219 907 277 PLINY

186 399 294 456 sequar
313 387 356 449 te,
371 386 416 449 ut,
430 383 455 434 si
472 398 531 454 qua
551 398 588 434 ex
606 377 663 434 hoc
681 375 803 446 invidia,
819 396 880 433 non
898 384 950 434 tua
968 384 1092 434 tantum

187 484 247 542 sit?

226 591 372 648 Venimus
400 589 439 647 ad
467 589 624 658 consules3
659 588 734 647 dicit
768 589 905 661 Senecio,
934 609 1011 666 quae
1043 609 1092 648 res

185 696 314 767 ferebat,
329 697 430 775 aliqua
443 698 602 773 subiungo.
646 696 778 753 Vixdum
793 701 1044 767 conticueramus,
1058 704 1093 753 et

147 867 149 871 ἁ
187 805 286 861 Massa
308 812 433 881 questus
454 802 654 861 Senecionem
678 822 739 859 non
761 803 900 860 advocati
920 802 1021 873 iidem,
1036 803 1092 860 sed

186 913 299 967 inimici
341 908 576 986 amaritudinem
617 909 759 985 implesse
800 913 966 986 impietatis
1004 929 1091 966 reum

186 1016 328 1093 postulat.
387 1016 504 1074 Horror
532 1020 687 1085 omnium;
722 1035 780 1093 ego
807 1024 911 1075 autem
939 1015 1088 1074 ‘Vereor’

189 1126 312 1200 inquam
326 1123 501 1181 ‘clarissimi
522 1123 670 1194 consules,
692 1143 731 1180 nc
752 1123 827 1180 mihi
849 1123 947 1180 Massa
969 1122 1092 1180 silentio

187 1249 241 1288 suo
255 1234 543 1306 praevaricationem
558 1231 714 1301 obiecerit,
722 1229 803 1306 quod
818 1249 880 1286 non
894 1237 927 1288 et
941 1249 990 1286 me
1005 1249 1092 1287 reum

187 1336 369 1413 postulavit!
413 1337 500 1408 Quae
522 1357 579 1394 vox
604 1345 637 1394 et
658 1340 761 1396 statim
783 1344 911 1412 excepta
932 1343 965 1394 et
985 1344 1093 1412 postea

187 1444 285 1501 multo
300 1463 440 1501 sermone
455 1444 608 1502 celebrata
629 1453 684 1502 est.
729 1443 824 1502 Divus
845 1444 968 1521 quidem
990 1443 1093 1500 Nerva
1184 1499 1185 1522 ¹

188 1554 270 1629 (nam
293 1553 426 1626 privatus
441 1570 560 1629 quoque
582 1551 764 1608 attendebat
784 1551 840 1622 hie,
856 1572 933 1629 quae
954 1559 1038 1609 recte
1059 1556 1092 1608 in

149 1681 153 1688 ·
187 1657 309 1734 publico
324 1656 445 1733 fierent)
460 1661 558 1715 missis
572 1657 611 1714 ad
632 1677 681 1716 me
703 1662 884 1734 gravissimis
898 1658 1008 1716 litteris
1028 1677 1093 1715 non
1184 1647 1185 1650 ¹

186 1764 261 1821 mihi
280 1764 387 1836 solum,
401 1784 505 1822 verum
527 1769 619 1822 etiam
640 1765 759 1822 saeculo
781 1772 829 1823 est
849 1765 1028 1840 gratulatus
1043 1769 1093 1822 cui
1184 1759 1185 1762 '

188 1872 361 1948 exemplum
386 1874 440 1949 (sic
466 1877 547 1929 enim
573 1873 703 1948 scripsit)
726 1872 823 1930 simile
845 1875 976 1950 antiquis
997 1875 1093 1928 conti·
1184 1867 1185 1876 ’

186 1982 288 2054 gisset.

229 2085 326 2153 Haec,
340 2092 496 2160 utcunque
511 2103 543 2142 se
558 2084 684 2157 habent,
699 2089 826 2157 notiora,
837 2085 970 2156 clariora,
979 2089 1093 2142 maiora

188 2199 223 2248 tu
238 2190 329 2247 facies
342 2209 349 2258 ;
367 2210 548 2268 quamquam
564 2211 625 2248 non
641 2196 740 2268 exigo,
754 2200 789 2249 ut
804 2191 932 2250 excedas
946 2199 1032 2248 actae
1047 2196 1093 2250 rei

187 2295 319 2352 modum.
363 2294 442 2352 Nam
457 2316 514 2353 nec
529 2296 654 2354 historia
675 2296 769 2354 debet
790 2297 895 2372 egredi
920 2289 1092 2369 ueritatem,
1184 2365 1185 2374 ἵ

188 2409 220 2459 et
234 2400 363 2460 honeste
376 2401 465 2460 factis
480 2408 590 2462 veritas
604 2404 720 2462 sufficit.
763 2403 846 2462 Vale.
