2362 3794
393 407 482 488 THE
511 407 695 466 LETTERS
724 407 779 466 OF
805 408 932 465 PLINY

209 586 392 644 quamquam
406 569 438 623 in
452 567 577 625 adversa
591 568 766 626 valetudine
782 568 857 625 nihil
873 571 949 625 servi
971 588 1005 624 ac
1025 568 1112 624 liberi

209 673 360 745 differant,
401 675 521 732 mollius
562 683 666 733 tamen
716 675 826 732 liberos
872 675 1112 752 clementiusque

210 785 341 838 tractari.

252 887 429 958 Recordare,
457 888 530 966 quid
558 907 696 965 quaeque
724 891 828 946 civitas
856 887 958 960 fuerit,
986 909 1049 946 non
1077 898 1111 947 ut

208 993 365 1070 despiciaS,
380 995 461 1072 quod
470 1015 536 1052 esse
545 994 669 1052 desierit
680 1013 687 1062 ;
708 995 786 1052 absit
797 997 946 1072 superbia,
956 999 1108 1071 asperitas.

209 1100 275 1157 Nec
308 1104 445 1158 timueris
473 1109 691 1177 contemptum.
736 1101 786 1158 An
815 1105 1029 1172 contemnitur,
1059 1106 1109 1179 qui

208 1210 377 1282 imperium,
392 1211 444 1284 qui
465 1207 561 1265 fasces
582 1207 685 1278 habet,
700 1211 758 1266 nisi
779 1208 901 1266 humilis
915 1217 948 1266 et
962 1209 1108 1278 sordidus,

208 1317 314 1391 etqui
339 1333 371 1370 se
396 1319 509 1389 primus
532 1318 596 1390 ipse
621 1316 811 1372 contemnit?
835 1315 916 1372 Male
942 1319 1002 1371 vim
1025 1336 1108 1373 suam

208 1429 342 1496 potestas
356 1420 482 1479 aliorum
503 1421 693 1498 contumeliis
715 1425 880 1497 experitur,
894 1421 972 1479 male
994 1429 1108 1479 terrore

208 1532 362 1585 veneratio
389 1528 567 1606 adquiritur,
598 1529 750 1606 longeque
779 1528 927 1586 valentior
953 1548 1037 1586 amor
1071 1529 1110 1586 ad

207 1633 417 1703 obtinendum,
446 1633 527 1710 quod
548 1634 633 1704 velis,
656 1654 746 1711 quam
769 1637 868 1692 timor.
912 1634 990 1691 Nam
1019 1639 1109 1692 timor

206 1742 281 1812 abit,
303 1745 328 1798 si
352 1741 484 1813 recedas,
499 1749 604 1798 manet
617 1761 717 1799 amor:
739 1762 773 1798 ac
788 1745 865 1799 sicut
879 1740 931 1798 ille
952 1745 983 1797 in
1006 1741 1108 1798 odium

207 1847 256 1904 hic
271 1851 303 1903 in
314 1851 516 1905 reverentiam
530 1852 667 1905 vertitur.

246 1954 290 2011 Te
304 1973 375 2010 vero
390 1958 482 2011 etiam
504 1963 595 2031 atque
611 1958 703 2011 etiam
720 1956 869 2031 (repetam
891 1955 985 2030 enim)
1001 1960 1108 2012 memi-

205 2063 284 2117 nisse
299 2068 420 2136 oportet
440 2061 526 2117 officii
547 2065 593 2118 tui
608 2060 733 2118 titulum
747 2080 782 2117 ac
801 2062 858 2118 tibi
877 2065 934 2138 ipsi
956 2066 1106 2138 interpre-

204 2171 271 2236 tari,
285 2166 374 2245 quale
389 2176 596 2245 quantumque
611 2172 651 2226 sit
663 2167 803 2226 ordinare
817 2176 931 2226 statum
945 2169 1106 2228 liberarum

204 2278 368 2332 civitatum.
412 2275 491 2331 Nam
532 2275 605 2352 quid
637 2275 827 2334 ordinatione
869 2276 993 2347 civilius,
1033 2278 1105 2355 quid

203 2380 344 2439 libertate
359 2385 543 2458 pretiosius?
585 2383 677 2440 Porro
691 2404 780 2460 quam
802 2391 901 2461 turpe,
916 2389 941 2441 si
956 2385 1106 2442 ordinatio

203 2492 368 2559 eversione,
383 2489 507 2548 libertas
522 2495 668 2548 servitute
683 2493 839 2549 mutetur!

245 2597 382 2668 Accedit,
397 2598 478 2674 quod
487 2599 544 2656 tibi
558 2607 713 2655 certamen
724 2607 772 2656 est
785 2607 896 2656 tecum.
941 2600 1061 2680 Onerat
1074 2609 1106 2657 te

202 2703 381 2772 quaesturae
404 2703 476 2754 tuae
504 2697 593 2767 fama,
619 2717 708 2774 quam
732 2717 770 2754 ex
794 2697 936 2774 Bithynia
958 2701 1106 2774 optimam

202 2797 353 2864 revexisti,
369 2802 476 2851 onerat
497 2799 705 2852 testimonium
720 2799 872 2873 principie,
888 2804 995 2853 onerat
1007 2797 1103 2854 tribu-

202 2880 299 2962 natuS,
312 2900 453 2967 praetura
461 2900 553 2970 atque
564 2892 639 2949 haec
649 2897 712 2970 ipsa
721 2893 834 2969 legatio
843 2897 926 2971 quasi
935 2899 1105 2970 praemium

201 2988 279 3046 data.
317 2989 386 3062 Quo
414 2995 509 3066 magis
537 2991 698 3070 nitendum
726 3000 783 3063 est,
812 3012 851 3049 ne
879 2997 909 3048 in
938 2991 1107 3072 longinqua

201 3091 353 3163 provincia
368 3108 457 3165 quam
473 3078 653 3160 suburbana,
675 3110 714 3148 ne
733 3095 815 3148 inter
829 3094 997 3149 servientes
1012 3112 1105 3169 quam

379 3269 392 3294 ⁰
408 3261 449 3313 te.
464 3261 492 3310 oi
503 3260 571 3316 local
582 3262 668 3332 rights
680 3263 733 3317 and
745 3264 922 3318 institutione.

205 3367 261 3428 170
