2362 3794
359 349 448 410 THE
477 349 660 410 LETTERS
690 353 744 410 OF
773 351 900 411 PLlNY

177 510 230 566 Vir
249 518 295 567 est
316 514 457 586 optimus,
472 510 710 582 honestissimus,
724 516 819 570 nostri
840 517 1086 581 amantissimus3

176 659 333 728 praeterea
367 655 399 707 in
435 651 544 709 litteris
572 659 692 709 veteres
719 653 899 724 aemulatur,
927 657 1082 729 exprimit,

177 793 288 864 reddit,
304 793 493 869 Propertium
508 796 539 848 in
554 797 667 869 primis,
682 813 700 849 a
714 813 774 870 quo
791 813 888 870 genus
902 794 997 865 ducit,
1013 813 1085 851 vera

177 932 294 990 soboles
314 952 412 1010 eoque
435 931 586 989 simillima
607 932 662 1004 illi,
682 937 714 988 in
738 953 798 1010 quo
818 933 870 990 ille
892 937 1082 1009 praecipuus.

177 1075 208 1131 Si
243 1074 346 1150 elegos
381 1077 445 1130 eius
479 1078 511 1128 in
546 1093 653 1130 manus
684 1079 856 1151 sumpseris
887 1074 973 1150 leges
1008 1095 1084 1151 opus

176 1225 302 1286 tersum,
315 1215 417 1286 molle,
436 1214 602 1271 iucundum
624 1223 657 1272 et
677 1215 767 1290 plane
785 1219 816 1271 in
833 1214 971 1291 Properti
992 1215 1084 1272 domo

176 1363 330 1435 scriptum.

217 1687 323 1764 Nuper
342 1685 380 1743 ad
403 1685 494 1763 lyrica
515 1686 649 1759 deflexit,
664 1691 696 1744 in
710 1688 819 1765 quibus
840 1691 884 1745 ita
905 1688 1081 1761 Horatium,

177 1839 210 1887 ut
230 1834 260 1886 in
278 1828 337 1886 illis
355 1828 441 1885 illum
460 1829 589 1886 alterum
612 1829 736 1905 effingit.
781 1829 883 1899 Putes,
905 1833 930 1886 si
952 1830 1026 1907 quid
1049 1835 1081 1886 in
1173 1828 1176 1845 '

176 1970 283 2028 studiis
297 1973 438 2046 cognatio
452 1969 542 2040 valet,
559 1978 591 2027 et
606 1969 694 2027 huius
709 1974 920 2047 propinquum.
965 1970 1082 2047 Magna

176 2115 312 2181 varietas,
334 2131 443 2188 magna
464 2111 623 2168 mobilitas.
667 2112 761 2170 Amat
783 2121 819 2169 ut
843 2116 894 2189 qui
916 2116 1082 2184 verissime,

175 2254 260 2310 dolet
288 2261 323 2311 ut
350 2257 401 2331 qui
430 2257 703 2330 impatientissime,
726 2252 830 2311 laudat
859 2262 893 2310 ut
915 2259 967 2331 qui
995 2256 1082 2313 beni·
1175 2294 1178 2317 ι

175 2393 328 2462 gnissime,
352 2388 431 2445 ludit
459 2396 493 2445 ut
521 2391 573 2464 qui
601 2388 793 2458 facetissime,
818 2393 918 2445 omnia
945 2388 1081 2468 denique

175 2536 329 2606 tamquam
351 2529 468 2606 singula
489 2528 624 2586 absolvit.

218 2864 274 2920 Pro
302 2863 358 2920 hoc
387 2883 445 2939 ego
471 2867 577 2934 amico,
606 2883 660 2938 pro
687 2862 745 2918 hoc
774 2882 832 2938 ego
860 2866 983 2938 ingenio
1018 2884 1080 2921 nou

175 3009 274 3060 minus
306 3024 398 3080 aeger
431 3009 541 3075 animo,
575 3024 665 3080 quam
697 3023 820 3081 corpore
855 3003 917 3073 ille,
952 3003 1079 3061 tandem

175 3144 270 3215 illum,
286 3145 410 3202 tandem
427 3165 476 3202 me
494 3149 603 3222 recepi.
647 3144 807 3203 Gratulare
826 3144 911 3215 mihi,
925 3145 1079 3220 gratulare

178 3307 236 3357 224
