2438 3790
9 1315 39 1618 32222323'

15 1665 39 1764 ’Ξ

26 1783 39 1872 i

397 365 485 424 THE
513 365 696 424 LETTERS
725 366 780 425 OF
809 365 935 424 PLINY

214 523 327 582 foribus
355 533 388 581 et
416 524 532 581 consilii
566 524 679 601 publici
706 531 892 600 spectatores
920 531 992 582 ante
1027 543 1121 602 quam

215 621 369 672 consortes
384 623 478 671 erant.
523 614 600 672 Suus
625 618 733 692 cuique
756 633 865 690 parens
887 633 941 690 pro
963 617 1120 690 magistro,

215 712 269 761 aut
286 707 334 760 cui
357 723 466 780 parens
481 723 543 760 non
564 711 639 774 erat,
653 707 801 760 maximus
821 707 948 781 quisque
970 712 1003 761 et
1016 712 1118 761 vetus·

214 798 346 851 tissimus
369 813 423 870 pro
446 801 581 870 parente.
635 793 722 865 Quae
744 801 879 870 potestas
906 791 1120 864 referentibus,

215 883 296 961 quod
324 884 518 940 censentibus
539 888 595 955 iuS,
618 903 694 960 quae
717 888 760 941 vis
784 885 1019 959 magistratibus,
1040 904 1120 961 quae

215 978 324 1031 ceteris
338 973 472 1044 libertas,
487 974 538 1031 ubi
553 973 734 1043 cedendum,
745 974 795 1030 ubi
809 973 1023 1044 resistendum,
1037 973 1118 1050 quod

215 1062 324 1121 silendi
345 1071 476 1139 tempus,
498 1067 564 1140 quis
585 1062 709 1120 dicendi
730 1062 846 1133 moduS,
861 1082 939 1141 quae
964 1063 1119 1120 distinctio

215 1158 417 1230 pugnantium
438 1157 668 1222 sententiarum,
690 1172 767 1230 quae
792 1157 947 1210 exsecutio
971 1154 1119 1229 prioribus

214 1243 328 1320 aliquid
371 1243 558 1313 addentium,
594 1262 715 1299 omnem
759 1241 892 1318 denique
934 1246 1119 1323 senatorium

214 1353 340 1404 morem,
354 1333 434 1410 quod
455 1332 661 1390 fidelissimum
676 1332 882 1408 praecipiendi
895 1351 1000 1408 genus,
1016 1351 1118 1389 exem-

215 1423 272 1499 plis
287 1422 481 1480 docebantur.

256 1513 299 1570 At
313 1532 368 1570 nos
389 1516 514 1570 iuvenes
534 1511 645 1571 fuimus
660 1511 784 1589 quidem
798 1515 830 1568 in
844 1516 958 1582 castris,
972 1511 1027 1569 sed
1048 1531 1119 1569 cum

215 1611 356 1678 suspecta
389 1606 493 1673 virtus,
528 1607 638 1660 inertia
671 1606 703 1659 in
738 1606 846 1678 pretio,
881 1621 950 1658 cum
991 1601 1120 1660 ducibus

215 1697 377 1749 auctoritas
391 1692 484 1764 nulla,
498 1692 582 1750 nulla
595 1692 742 1750 militibus
764 1691 955 1762 verecundia,
969 1711 1119 1769 nusquam

215 1785 384 1858 imperium,
399 1801 548 1858 nusquam
562 1783 749 1858 obsequium,
764 1785 865 1838 omnia
879 1780 986 1851 soluta,
995 1776 1119 1839 turbata

215 1880 307 1948 atque
322 1875 414 1928 etiam
428 1876 461 1928 in
475 1875 656 1929 contrarium
672 1890 766 1941 versa,
776 1878 929 1946 postremo
942 1870 1119 1928 obliviscen-

215 1961 254 2018 da
267 1965 362 2037 magis
372 1981 462 2038 quam
475 1960 618 2019 tenenda.
662 1959 760 2017 Iidem
774 1964 981 2036 prospeximus
995 1965 1119 2032 curiam,

215 2051 269 2108 sed
283 2055 396 2108 curiam
409 2049 561 2126 trepidam
575 2059 607 2107 et
629 2049 802 2126 elinguem;
823 2070 892 2107 cum
910 2049 1022 2121 dicere,
1036 2049 1120 2127 quod

215 2131 319 2203 velles,
346 2131 556 2208 periculosum,
591 2131 673 2209 quod
707 2130 814 2201 nolles,
848 2135 992 2188 miserum
1026 2139 1118 2190 esset.

216 2211 298 2284 Quid
326 2221 400 2270 tunc
428 2212 503 2270 disci
530 2217 639 2288 potuit,
666 2212 740 2289 quid
767 2212 908 2270 didicisse
935 2216 1020 2283 iuvit,
1048 2231 1119 2269 cum

216 2303 338 2352 senatus
352 2294 457 2352 autad
472 2298 567 2351 otium
581 2313 732 2351 summum
746 2301 799 2350 aut
813 2293 852 2350 ad
867 2313 1016 2351 summum
1030 2292 1119 2351 nefas

216 2383 382 2446 vocaretur,
397 2383 429 2432 et
454 2375 544 2432 modo
566 2374 705 2445 ludibrio,
728 2375 818 2432 modo
845 2374 941 2432 dolori
968 2382 1119 2445 retentuS,

215 2476 380 2533 numquam
394 2460 481 2527 seria,
494 2459 592 2514 tristia
606 2475 696 2532 saepe
712 2457 873 2514 censeret?
909 2455 1025 2513 Eadem
1038 2455 1120 2513 mala

216 2542 275 2594 iam
298 2546 461 2607 senatores
487 2541 552 2602 ¹iam
576 2541 738 2614 participes
759 2536 905 2594 malorum
929 2536 1041 2594 multos
1063 2556 1119 2613 per

249 2703 262 2725 ⁰
278 2693 305 2742 Ii
315 2709 368 2758 any
379 2693 480 2742 motion
511 2692 621 2758 roposed
640 2693 668 2742 in
686 2692 732 2742 the
751 2691 847 2742 Senate
866 2707 920 2742 was
938 2692 1055 2757 thought
1072 2697 1120 2741 too

217 2759 329 2824 general.
341 2758 394 2807 and
406 2764 435 2808 to
447 2709 552 2808 inolbde
559 2758 659 2807 several
669 2757 781 2807 distinct
788 2757 902 2816 articles,
913 2773 985 2806 sorno
993 2757 1022 2806 oi
1030 2757 1118 2806 which

217 2825 302 2900 might
321 2823 353 2872 be
373 2824 516 2901 approqed,
538 2823 701 2899 and-others
723 2823 848 2886 rejected.
871 2823 894 2872 it
913 2837 968 2871 was
988 2822 1064 2871 usual
1088 2827 1137 2888 to·

217 2887 711 3004 requqrpetp‘aprqqqqgtiirltebgfdpppppdl
731 2887 880 3002 hllllhdledve
900 2968 929 3002 as
949 2969 965 3002 a
985 2958 1120 3002 comment

217 3036 287 3083 upon
298 3019 353 3068 this
364 3035 482 3084 passage,
496 3023 583 3068 where
596 3019 628 3068 he
639 3018 778 3083 acqnsints
790 3034 820 3066 us
838 3018 899 3067 that
915 3034 932 3068 a
948 3017 1041 3067 turbot
1057 3017 1086 3067 ot
1103 3035 1121 3067 a

216 3090 285 3134 most
295 3100 434 3133 enormous
444 3085 496 3134 siae
514 3084 592 3148 being
608 3083 723 3148 brought
741 3089 770 3132 to
786 3083 930 3143 Domitian,
950 3084 982 3132 he
999 3082 1120 3132 immedi-

216 3149 288 3212 ately
300 3149 433 3198 eonveued
451 3150 497 3198 the
509 3148 613 3207 senate,
627 3149 655 3197 in
667 3148 745 3197 order
756 3154 785 3198 to
796 3147 901 3197 consult
912 3150 940 3197 in
956 3148 1030 3198 what
1047 3164 1120 3197 man-

217 3229 263 3263 ner
274 3215 298 3263 it
310 3213 404 3264 should
418 3214 448 3263 be
459 3213 574 3264 dressed.
612 3213 727 3276 (Melm.)

221 3309 276 3364 128
