2438 3790
358 348 447 405 THE
476 347 659 406 LETTERS
687 348 742 406 OF
771 348 898 405 PLINY

176 529 345 585 parensque
367 507 505 584 publicus
526 516 649 584 rogatus
671 529 689 565 a
713 508 850 565 Pallante
873 527 940 564 eam
962 514 1082 583 partem

177 602 358 668 sententiae,
373 618 451 676 quae
465 599 640 674 pertinebat
653 597 693 654 ad
707 597 841 654 dandum
857 603 885 654 ei
906 620 943 656 ex
966 601 1081 654 aerario

176 692 292 746 centies
327 692 526 765 quinquagies
558 691 741 758 sestertium,
774 692 890 745 remitti
917 690 1082 750 voluisset3

176 783 282 836 testari
303 786 453 849 senatum,
474 778 552 835 etsil
573 778 706 834 libenter
724 797 759 834 ac
777 782 886 834 merito
905 779 985 836 hanc
1001 798 1082 835 sum-

176 888 256 924 mam
278 871 359 925 inter
372 868 504 945 reliquos
517 868 647 925 honores
662 869 701 924 ob
715 866 806 924 fidem
828 867 1081 945 diligentiamque

179 957 307 1015 Pallanti
322 959 487 1016 decernere
501 957 674 1034 coepisset,2
687 957 838 1015 voluntati
852 965 956 1016 tamen
971 963 1081 1035 princi-

176 1053 222 1125 pis
236 1053 292 1118 sui,
307 1053 354 1105 cui
369 1053 400 1106 in
415 1048 498 1106 nulla
512 1068 545 1105 re
560 1047 604 1105 fas
626 1056 748 1124 putaret
770 1068 950 1124 repugnare,
971 1053 1003 1105 in
1025 1049 1081 1104 hac

177 1159 298 1217 quoque
313 1159 346 1196 re
360 1138 504 1216 obsequi’

220 1230 391 1305 Imaginare
407 1229 576 1285 Pallantem
590 1227 675 1285 velut
693 1228 937 1285 intercedentem
959 1235 1082 1286 senatus

176 1319 315 1376 consulto
335 1319 606 1395 moderantemque
627 1317 757 1376 honores
771 1337 839 1375 suos
859 1326 892 1376 ct
906 1323 1079 1376 sestertium

177 1413 293 1466 centies
327 1412 526 1486 quinquagies
554 1416 590 1465 ut
617 1411 744 1464 nimium
776 1416 976 1480 recusantem,
1010 1429 1078 1465 cum

176 1503 326 1576 praetoria
360 1507 538 1556 ornamenta
575 1506 730 1575 tamquam
769 1502 868 1554 minus
905 1501 1079 1573 recepisset,

176 1593 341 1665 imaginare
376 1589 533 1646 Caesarem
572 1589 675 1646 liberti
714 1590 854 1664 precibus
891 1588 940 1645 vel
980 1592 1081 1664 potius

176 1682 303 1754 imperio
317 1698 416 1734 coram
438 1686 545 1736 senatu
561 1679 825 1754 obtemperantem
841 1680 983 1755 (imperat
997 1682 1078 1734 enim

175 1768 303 1825 libertus
324 1776 460 1844 patrono,
482 1788 574 1846 quem
596 1772 627 1824 in
652 1775 759 1824 senatu
782 1768 891 1844 rogat),
915 1772 1079 1844 imaginare

176 1865 316 1915 senatum
338 1878 553 1936 usquequaque
568 1865 736 1915 testantem
756 1862 866 1914 merito
886 1857 1079 1934 libenterque

177 1967 209 2005 se
237 1947 316 2004 hanc
344 1968 491 2004 summam
519 1951 600 2004 inter
627 1947 759 2024 reliquos
787 1946 916 2004 honores
951 1946 1080 2003 Pallanti

175 2041 310 2113 coepisse
344 2035 509 2094 decernere
544 2045 577 2094 et
604 2043 865 2112 perseveraturum
893 2035 994 2108 fuisse,
1022 2041 1080 2093 nisi

176 2128 394 2203 obsequeretur
421 2129 565 2204 principis
592 2125 751 2195 voluntati,
776 2129 824 2182 cui
846 2145 908 2182 non
930 2133 1011 2183 esset
1035 2126 1080 2182 fas

176 2221 209 2272 in
236 2216 298 2272 ulla
325 2236 357 2273 re
385 2235 563 2292 repugnare.
608 2214 665 2285 Ita,
693 2235 734 2271 ne
762 2219 935 2272 sestertium
964 2219 1079 2272 centies

176 2301 375 2374 quinquagies
412 2297 507 2354 Pallas
542 2317 580 2353 ex
614 2301 729 2353 aerario
759 2295 863 2365 ferret,
899 2297 1080 2353 verecundia

176 2383 278 2455 ipsius,
304 2379 448 2455 obsequio
473 2385 595 2436 senatus
619 2397 696 2453 opus
718 2376 778 2434 fuit
799 2381 829 2433 in
845 2376 903 2433 hoc
917 2381 1078 2453 praecipue

178 2480 239 2517 non
262 2461 445 2531 obsecuturi,
468 2463 492 2516 si
517 2463 549 2516 in
573 2458 635 2515 ulla
648 2479 682 2516 re
706 2466 844 2534 putasset
865 2457 909 2516 fas
931 2479 996 2516 esse
1018 2479 1079 2516 non

176 2543 309 2618 obsequi.
355 2543 358 2550 ’
1056 2601 1058 2605 ,

218 2623 325 2679 Finem
346 2622 520 2680 existimas?
563 2622 656 2678 Mane
677 2619 750 2677 dum
770 2628 805 2678 et
826 2625 938 2677 maiora
956 2625 1079 2697 accipe:

178 2709 187 2736 ‘
198 2703 321 2780 Utique,
367 2724 435 2761 cum
479 2708 519 2761 sit
556 2703 633 2761 utile
673 2706 816 2779 principis
854 2703 1078 2777 benignitatem

176 2789 430 2861 promptissimam
457 2786 496 2843 ad
522 2785 644 2842 laudem
676 2788 869 2860 praemiaque
895 2787 1078 2840 merentium

389 2891 397 2921 ¹
415 2892 465 2940 etei
478 2908 500 2951 r,
510 2891 533 2939 K
538 2891 577 2948 ii„
591 2897 657 2938 etse
669 2890 740 2946 M‚a.

387 2957 397 2986 ²
413 2956 542 3020 coepisset
554 2955 657 3013 Calan„
670 2956 786 3018 coepisse
797 2955 831 3003 M
833 2971 858 3003 a.

210 3081 223 3103 ‘⁸
240 3072 281 3121 ic.
296 3072 431 3136 assuming
442 3072 489 3120 the
500 3071 668 3136 prerogativa
679 3070 707 3119 ol
718 3088 734 3118 a
746 3071 862 3119 Tribune
874 3069 901 3118 oi
914 3069 960 3119 the
973 3067 1059 3118 Plebs.

209 3137 356 3186 ⁶Because·
370 3138 417 3186 the
435 3137 526 3186 fiction
546 3135 574 3185 of
591 3136 637 3185 the
657 3135 775 3186 Senatc's
795 3152 915 3199 supreme
938 3134 1077 3199 authority

177 3218 231 3250 was
243 3201 299 3250 still
311 3202 376 3266 kept
388 3218 431 3266 up.

181 3297 236 3350 108
