2438 3790
365 234 454 291 THE
484 233 666 291 LETTERS
693 233 748 291 OF
777 231 904 289 PLINY

183 395 257 446 mias
278 396 417 448 certatim
442 393 683 467 negotiatoribus
708 393 887 449 ementibus.
933 391 1088 448 Invitabat

183 503 325 574 pretium,
341 507 373 556 et
387 498 468 576 quod
482 508 557 556 tunc
572 508 604 556 et
618 499 698 576 quod
714 498 777 555 fore
799 498 966 556 videbatur.
1010 499 1087 574 Spes

184 603 303 662 fefellit.
348 605 421 662 Erat
446 604 624 681 expeditum
641 607 780 662 omnibus
801 610 958 663 remittere
980 626 1087 683 aequa-

182 713 262 782 liter,
277 712 331 769 sed
352 732 412 768 non
434 716 506 769 satis
526 731 664 788 aequum.
710 711 787 768 Mihi
804 719 908 768 autem
929 716 1087 787 egregium

183 823 215 875 in
227 823 329 895 primis
342 818 461 876 videtur
476 827 511 876 ut
525 817 596 875 foris
611 823 653 875 ita
668 817 759 888 dorni,
774 826 809 875 ut
821 822 851 873 in
866 822 983 894 magnis
997 822 1040 875 ita
1054 822 1086 874 in

183 929 291 1002 parviS,
300 935 336 983 ut
350 931 381 981 in
395 926 502 983 alienis
516 930 560 983 ita
573 930 605 982 in
620 930 680 982 suis
694 929 810 1002 agitare
822 929 976 983 iustitiam.
1008 926 1086 982 Nam

183 1037 206 1089 si
223 1037 304 1108 paria
319 1040 453 1109 peccata,
466 1052 554 1109 pares
568 1037 660 1090 etiam
674 1033 787 1090 laudes.

224 1140 332 1217 ltaque
366 1142 505 1197 omnibus
540 1140 674 1217 quidem,
705 1160 744 1197 ne
779 1144 846 1217 quis
883 1140 984 1196 ‘Mihi
1024 1159 1086 1196 non

182 1247 312 1305 donatus
333 1248 473 1318 abiret,’l
503 1256 622 1324 partem
645 1255 781 1304 octavam
804 1251 904 1324 pretii,
932 1267 992 1325 quo
1020 1252 1087 1324 quis

183 1363 310 1426 enrerat,
325 1359 477 1423 concessi3
499 1355 612 1411 deinde
634 1353 690 1424 his,
712 1359 763 1431 qui
788 1354 985 1429 amplissimas
1010 1374 1086 1410 sum-

184 1481 249 1518 mas
275 1462 479 1536 emptionibus
501 1468 731 1537 occupaverant,
755 1465 915 1535 separatim
940 1459 1084 1517 consului.

184 1567 263 1623 Nam
286 1575 319 1624 et
342 1587 391 1623 me
414 1571 510 1641 magis
533 1571 673 1624 iuverant
698 1575 731 1624 et
751 1553 847 1624 maius
871 1571 928 1643 ipsi
949 1566 1087 1623 fecerant

183 1674 336 1731 damnum.
375 1673 473 1750 igitur
487 1673 543 1745 his,
554 1679 606 1751 qui
620 1674 714 1751 pluris
729 1694 819 1752 quam
836 1674 944 1730 decem
965 1673 1086 1730 milibus

184 1790 330 1853 emerant,
359 1781 398 1838 ad
425 1781 508 1838 illam
536 1801 727 1839 communem
756 1789 789 1838 et
816 1786 900 1857 quasi
935 1781 1086 1856 publicam

183 1897 320 1946 octavam
334 1889 438 1947 addidi
460 1888 618 1945 decumam
639 1893 704 1946 eius
725 1909 870 1959 summae,
895 1908 953 1964 qua
978 1888 1086 1944 decem

183 1996 266 2052 milia
287 2003 486 2054 excesserant.
530 1995 653 2066 Vereor,
679 2015 718 2052 ne
740 2015 846 2071 parurn
869 2001 1087 2071 expresserim

183 2107 317 2179 apertius
332 2101 461 2159 calculos
476 2102 642 2159 ostendam.
687 2101 718 2159 Si
739 2107 791 2178 qui
813 2101 891 2159 forte
913 2103 1086 2179 quindecim

183 2209 304 2266 milibus
319 2216 467 2279 emerant,
481 2208 512 2265 hi
528 2217 560 2266 et
574 2209 748 2285 quindecim
762 2209 879 2265 milium
896 2217 1032 2266 octavam
1055 2218 1088 2266 et

185 2318 319 2391 quinque
334 2313 450 2370 milium
465 2314 624 2371 decumam
638 2314 798 2371 tulerunt(

226 2420 396 2491 Praeterea,
424 2442 492 2478 cum
527 2430 700 2497 reputarem
736 2421 880 2498 quosdam
916 2442 954 2478 ex
982 2422 1087 2495 debito

184 2527 383 2604 aliquantum,
405 2527 550 2604 quosdam
579 2528 703 2605 aliquid,
725 2529 870 2604 quosdam
897 2528 974 2585 nihil
1004 2549 1088 2605 repo

184 2639 297 2703 suisse;
341 2655 532 2712 nequaquam
575 2655 678 2692 verum
712 2636 887 2705 arbitrabar,
916 2655 990 2711 quos
1025 2656 1086 2692 non

185 2749 344 2818 aequasset
358 2740 432 2797 fides
448 2741 615 2811 solutionis
629 2741 683 2798 hos
698 2744 889 2817 benignitate
905 2747 1088 2800 remissionis

183 2867 320 2924 aequare.
367 2847 478 2903 Rursus
500 2867 572 2922 ergo
593 2851 638 2919 iis,
659 2852 710 2924 qui
733 2848 895 2918 solverant,
917 2853 991 2919 eiua,
1006 2851 1088 2926 quod

518 2967 526 2998 ¹
545 2968 645 3019 Acacid
657 2988 680 3020 v.
696 2973 752 3021 305.

350 3103 363 3124 ‘⁸
381 3095 405 3141 A
417 3092 538 3142 doctrine
550 3094 713 3144 maintained
726 3096 761 3158 by
774 3097 820 3144 the
832 3096 926 3146 Stolos.
