2334 3686
367 353 456 410 THE
485 351 669 409 LETTERS
697 351 752 409 OF
781 351 907 408 PLINY

183 515 232 572 vel
247 518 311 571 eius
326 516 480 583 memoria,
495 515 547 590 qui
561 515 731 590 praestitit;
752 514 955 568 necessarium
976 514 1083 586 pariter

183 608 299 666 credidi
313 627 348 664 ac
362 607 488 678 laetum,
502 608 621 663 obviam
635 605 845 663 dubitantibus
866 604 1083 680 indulgentiam

183 722 283 760 meam
297 705 429 759 mittere.
474 701 552 757 Nolo
567 703 721 758 existimet
742 703 910 777 quisquam,
932 719 1009 776 quae
1029 698 1084 756 alio

185 796 324 875 Principe
352 795 401 854 vel
429 797 570 873 privatim
598 793 647 850 vel
679 792 801 869 publice
837 799 1016 849 consecutus
1042 792 1084 862 sil,
1147 854 1148 867 χ

184 891 254 949 ideo
281 889 390 948 saltem
418 909 436 945 a
456 908 506 946 me
527 887 668 958 rescindi,
690 895 725 944 ut
745 891 846 965 potius
865 887 939 943 mihi
967 885 1084 944 debeat.
1147 888 1148 949 l

184 983 253 1041 Sint
280 991 345 1042 rata
373 990 406 1040 et
434 980 539 1053 certa,1
575 1001 633 1038 nec
668 981 831 1058 gratulatio
859 979 948 1037 ullius
975 983 1087 1038 instau-

185 1081 257 1134 ratis
280 1084 352 1153 eget
373 1077 522 1152 precibuS,
538 1073 649 1156 [etqui
671 1095 731 1132 non
753 1073 880 1144 habent,
901 1071 974 1154 me‚]
997 1093 1087 1150 quem

184 1170 307 1228 fortuna
335 1174 454 1247 imperii
482 1170 567 1226 vultu
592 1169 718 1226 meliore
741 1171 883 1245 respexit.
927 1168 980 1224 Me
1004 1173 1089 1224 novis

184 1264 338 1323 beneficiis
373 1285 478 1322 vacare
507 1267 682 1341 patiantur:
718 1271 751 1321 et
778 1283 815 1321 ea
841 1263 965 1324 demum
993 1266 1090 1320 sciant
1148 1256 1150 1265 '

184 1359 318 1436 roganda
334 1379 409 1430 esse,
425 1379 502 1437 quae
517 1379 579 1415 non
598 1357 722 1415 habent.

1146 1146 1149 1189 l

307 1580 453 1638 Erusruus
474 1580 610 1638 Erusuuu
634 1600 672 1636 uo
694 1579 832 1638 Tuctiuu
854 1579 968 1636 lusruu

225 1713 292 1771 Cuu
329 1733 429 1771 rerum
465 1716 599 1769 omnium
633 1712 794 1784 ordinatio,
829 1731 906 1788 quae
941 1712 1092 1788 prioribus

183 1808 371 1883 temporibus
392 1807 551 1864 inchoatae
566 1814 793 1863 consummatae
807 1813 888 1876 sunt,
903 1806 1092 1862 observanda

184 1905 232 1972 sit,
247 1909 314 1959 tum
329 1899 466 1979 epistulis
481 1905 573 1958 etiam
590 1901 757 1958 Domitiani
772 1900 915 1958 standum
929 1907 984 1957 est.

601 2159 673 2217 LIX

363 2291 394 2349 C.
419 2291 539 2348 Primus
560 2291 699 2350 Taurino
722 2291 910 2346 Iuenulrom

226 2425 352 2482 Fnuvrus
380 2423 553 2480 Aucuueus
582 2443 636 2500 per
661 2423 791 2481 salutem
813 2430 898 2479 tuam
925 2427 1098 2480 aeternita-
1160 2481 1161 2486 χ

183 2528 308 2598 temque
333 2522 413 2595 petit
433 2539 451 2574 a
471 2537 531 2588 me,
552 2525 587 2574 ut
611 2517 759 2587 libellum,
784 2536 876 2594 quem
896 2515 970 2593 mibi
993 2514 1099 2586 dedit,

183 2619 340 2672 mitterem
363 2615 428 2671 tibi.
471 2611 562 2683 Quod
585 2632 643 2688 ego
665 2616 707 2668 sic
729 2615 848 2687 roganti
873 2610 1101 2687 praestandum

183 2712 298 2785 putavi,
325 2712 368 2765 ita
395 2715 510 2777 tamen,
538 2714 573 2763 ut
601 2709 761 2762 missurum
789 2725 838 2762 me
866 2713 973 2762 notum
1003 2725 1102 2763 accu-

183 2805 285 2860 satrici
317 2805 381 2858 eius
409 2799 552 2871 facerem,
579 2820 597 2856 a
625 2819 684 2876 qua
712 2806 745 2856 et
772 2803 837 2875 ipsa
864 2806 1029 2874 acceptum
1063 2799 1103 2856 li-

184 2894 299 2953 bellum
321 2894 367 2951 his
389 2892 527 2970 epistulis
548 2897 643 2964 iunxi,
658 2912 718 2969 quo
739 2892 856 2950 facilius
877 2893 963 2950 velut
984 2893 1104 2952 audita

184 2996 312 3066 utraque
334 2995 421 3066 parte
442 2987 616 3064 dispiceres,
631 2987 704 3064 quid
725 2987 923 3048 statuendum
945 2993 1092 3063 putares.

216 3137 225 3169 ¹
242 3139 297 3188 sint
308 3144 367 3188 ratu
378 3143 406 3188 et
418 3143 491 3188 certa
503 3138 655 3199 Beroaldru,
674 3137 774 3198 Harii„
790 3138 851 3187 siin
871 3143 930 3187 ruta
941 3142 969 3187 et
982 3154 1005 3189 o.
1027 3138 1103 3198 An,

183 3205 286 3254 sienim
298 3208 375 3270 grata
387 3203 415 3254 et
426 3220 447 3254 o.
462 3220 489 3264 a,
503 3203 670 3267 sinisiram,
685 3209 714 3254 et
725 3219 746 3254 o.
762 3203 794 3264 B,
810 3203 854 3252 Ku
880 3203 923 3252 du.

209 3313 244 3367 ‘4
