2438 3790
4 1325 43 1378 is}

4 1403 45 1424 ,.

4 1451 45 1546 ξ

4 1565 46 1631 2

13 1753 46 1894 ‘i

384 371 473 430 THE
501 371 686 430 LETTERS
715 373 769 431 OF
798 373 925 430 PLINY

201 539 265 588 tarn
280 527 408 606 graciles
422 532 490 585 istic
501 528 668 586 vindemias
683 549 758 600 esse,
774 538 809 586 ut
823 529 913 606 plane
928 533 1037 608 scirem
1050 531 1109 587 tibi

201 657 387 718 vacaturum,
397 648 478 725 quod
487 647 578 724 vulgo
592 647 713 720 dicitur,
723 649 835 706 librum
848 649 960 726 legere.
991 648 1109 707 Eadem

202 789 239 827 ex
267 773 343 826 meis
371 768 477 846 agellis
505 773 693 825 nuntiantur.
759 769 857 844 Igitur
884 769 958 825 mihi
987 788 1109 846 quoque

200 888 306 946 licebit
326 890 467 959 scribere,
491 907 568 964 quae
591 887 684 963 legaS,
700 891 739 944 sit
761 888 862 959 modo,
880 887 962 944 unde
984 888 1109 946 chartae

203 1012 263 1065 emi
278 1011 395 1083 possint
408 1027 415 1076 ;
436 1025 514 1083 quae
529 1010 554 1063 si
568 1007 689 1062 scabrae
704 1006 863 1064 bibulaeve
884 1009 955 1077 sint,
969 1014 1024 1064 aut
1045 1026 1109 1063 non

201 1124 405 1194 scribendum,
433 1132 486 1181 aut
514 1128 691 1194 necessario,
721 1124 869 1202 quidquid
900 1129 1109 1202 scripserimus

201 1243 272 1299 boni
287 1243 406 1313 malive,
422 1242 599 1300 delebimus
643 1242 725 1300 Vale.

616 1529 689 1584 XVI

415 1685 445 1740 C.
472 1685 592 1742 Pmrvius
607 1665 757 1742 ¹Pnrrmvo
780 1685 841 1743 Suo
863 1686 891 1744 S.

242 1847 463 1904 Cousacauurvr
501 1865 550 1901 me
585 1844 777 1901 infirmitates
811 1865 957 1915 meorum,
992 1856 1108 1906 mortes

201 1972 304 2035 etiam,
335 1973 367 2022 et
399 1965 522 2042 quidem
552 1969 703 2021 iuvenum.
761 1964 878 2022 Solacia
905 1965 966 2023 duo
995 1987 1108 2043 nequa·

201 2108 291 2166 quam
318 2089 402 2162 paria
429 2093 516 2143 tanto
545 2085 650 2155 dolori,
673 2084 782 2141 solacia
803 2093 917 2156 tamen,
939 2106 1034 2143 unum
1062 2087 1107 2144 fa-

200 2206 297 2264 cilitas
332 2189 570 2263 manumittendi
606 2202 723 2279 (videor
760 2207 842 2260 enim
879 2224 941 2260 non
981 2210 1106 2264 omnino

200 2329 375 2382 immaturos
410 2322 589 2399 perdidisse,
624 2304 698 2399 quus
733 2325 793 2378 iam
823 2321 933 2381 liberos
961 2324 1105 2402 perdidi),

200 2443 339 2514 alterum,
363 2442 444 2519 quod
469 2445 613 2518 permitto
636 2445 728 2499 servis
753 2461 873 2518 quoque
899 2448 983 2520 quasi
1010 2451 1105 2502 testa-

200 2570 305 2619 menta
318 2561 419 2619 facere
434 2580 541 2638 eaque,
555 2568 590 2618 ut
603 2560 750 2636 legitima,
765 2561 910 2618 custodia
955 2543 1106 2623 Mandant

200 2691 379 2760 rogantque,
394 2682 476 2760 quod
490 2686 604 2749 visum;
626 2701 717 2758 pareo
739 2690 774 2739 ut
795 2686 899 2740 iussus.
944 2684 1106 2757 Dividunt,

200 2803 325 2872 donant,
355 2801 531 2878 relinquunt
562 2801 721 2859 dumtaxat
748 2805 828 2858 intra
856 2802 997 2872 domum3
1032 2825 1106 2863 nam

202 2929 294 2983 servis
317 2945 365 2982 res
388 2925 509 3001 publiea
531 2924 680 3002 quaedam
706 2933 738 2983 et
760 2930 844 3002 quasi
869 2931 973 2986 civitas
995 2928 1106 2989 domus

201 3055 256 3104 est.
300 3047 370 3118 Sed,
394 3067 577 3124 quamquam
604 3046 650 3104 his
679 3046 795 3104 solaciis
825 3048 1027 3125 adquiescam,
1049 3051 1104 3110 de-

312 3219 325 3242 ⁶
342 3211 432 3262 slaves
444 3211 521 3261 could
532 3216 580 3262 not
592 3210 654 3260 hold
666 3227 696 3260 or
707 3211 839 3276 bequeath
851 3218 986 3277 property.

205 3321 261 3376 140
