2352 3802
335 391 425 450 THE
454 390 638 452 LETTERS
668 393 722 453 OF
751 391 879 450 PLINY

152 555 230 608 ciam
258 555 347 608 istam
376 559 408 608 et
435 556 598 628 praecipue
626 570 677 608 eas
705 555 843 608 civitates
877 554 941 608 eius
976 550 1059 607 modi

152 656 334 715 factionibus
362 677 427 714 esse
456 666 586 716 vexatas
631 657 852 735 Quodcumque
880 677 992 715 nomen
1021 677 1058 714 ex
1159 678 1160 690 ¹

152 783 340 841 quacumque
356 783 444 821 causa
458 763 631 822 dederimus
646 767 690 834 iis,
702 768 754 840 qui
768 767 800 820 in
815 763 897 821 idern
912 767 1059 821 contracti

152 868 267 927 fuerint
288 870 443 928 hetaeriae
462 889 558 946 aeque
577 869 685 927 brevil
707 869 789 926 fient.
833 869 933 927 Satius
955 874 1058 946 itaque

152 984 200 1033 est
225 981 390 1052 comparari
413 997 458 1048 ea,
480 995 557 1052 quae
578 976 617 1033 ad
640 976 824 1033 coercendos
845 980 932 1053 ignes
947 975 1058 1033 auxilio
1157 968 1159 1031 l

152 1101 218 1138 esse
234 1086 359 1158 possint,
375 1083 592 1159 admonerique
606 1082 745 1140 dominos
759 1082 961 1159 praediorum,
976 1090 1059 1140 utet
1155 1136 1158 1155 ,

152 1191 209 1263 ipsi
230 1187 399 1260 inhibeant,
414 1209 458 1259 ac,
480 1193 505 1246 si
529 1208 577 1246 res
600 1193 781 1266 poposcerit,
806 1209 929 1247 accursu
953 1189 1059 1266 populi
1156 1186 1158 1201 '

152 1294 190 1352 ad
205 1295 263 1353 hoc
278 1301 331 1354 uti.

543 1525 660 1582 XXXV

328 1657 359 1714 C.
384 1657 505 1715 Parurus
525 1657 664 1714 Turrino
687 1657 875 1714 luruna'ronr

192 1788 345 1846 Souuuurn
368 1798 438 1846 vota
459 1809 514 1866 pro
535 1789 744 1848 incolumitate
766 1797 829 1860 tua,
854 1810 913 1867 qua
935 1791 1058 1866 publica
1160 1784 1163 1811 ³

151 1882 230 1940 salus
255 1887 439 1954 continetur,
463 1891 496 1941 et
517 1887 703 1960 suscipimus,
726 1884 859 1953 domine,
881 1888 996 1959 pariter
1024 1893 1059 1942 et
1161 1936 1164 1949 ,

151 1976 303 2047 solvimuS,
332 1981 447 2052 precati
475 1977 548 2034 deos
576 1985 611 2034 ut
639 1977 735 2034 velint
763 1997 798 2034 ea
827 1996 947 2052 semper
981 1978 1057 2035 solvi

153 2084 333 2147 semperque
355 2075 475 2146 signari.

535 2280 668 2337 XXXVI

461 2411 615 2469 Turrauus
639 2411 743 2469 Ptruro

191 2539 237 2597 Er
261 2541 383 2599 solvisse
409 2562 459 2600 vos
482 2563 550 2601 curn
574 2544 806 2620 provincialibus
828 2544 874 2602 dis
901 2549 1056 2621 immorta-

152 2635 230 2692 libus
245 2644 315 2693 vota
329 2656 383 2712 pro
400 2657 468 2694 mea
483 2638 580 2695 salute
603 2646 636 2696 et
656 2638 866 2696 incolumitate
888 2647 921 2696 et
941 2660 1058 2697 nuncu-

150 2748 236 2804 passe
258 2729 401 2800 libenter,
430 2735 471 2787 mi
500 2731 641 2790 Secunde
670 2737 831 2803 carissime,
860 2738 987 2809 cognovi
1016 2755 1056 2791 ex

149 2821 259 2879 litteris
274 2827 342 2880 tuis.

292 2926 299 2956 ¹
317 2943 400 2991 aeque
412 2927 485 2976 brevi
498 2929 639 2993 Liyhtsoot,
653 2946 721 2995 quae
732 2930 825 2981 breves
836 2947 862 2991 a,
877 2933 908 2982 B.

183 3043 195 3065 ⁰
212 3035 368 3085 Nicomedia
379 3037 441 3096 and,
454 3036 592 3103 probably,
607 3039 714 3100 Nicaea,
728 3040 858 3090 herrival.

183 3100 193 3130 ⁶
210 3101 273 3150 This
292 3101 345 3150 had
363 3101 500 3166 happened
522 3103 549 3152 in
567 3103 614 3152 the
631 3121 690 3154 case
710 3105 738 3154 of
756 3121 834 3169 many
854 3105 882 3154 of
900 3106 947 3156 the
965 3107 1055 3156 trade-

150 3164 237 3228 guilds
248 3170 278 3216 at
289 3166 379 3218 Rome.
417 3167 472 3218 Our
483 3184 541 3217 own
554 3169 652 3218 Trades
664 3169 766 3220 Unious
778 3169 875 3235 supply
886 3171 1018 3235 parallels

151 3337 210 3392 3²0
