2362 3794
350 409 439 466 THE
469 409 652 468 LETTERS
681 410 736 468 OF
767 410 892 468 PLINY

586 645 660 700 XIV

400 789 430 848 C.
455 789 575 846 Pumuus
596 789 708 846 Trono
730 790 791 848 Suo
813 790 841 848 S.

211 935 276 990 Nnc
297 937 361 1010 ipse
382 935 438 991 tibi
459 934 587 1010 plaudis
610 943 642 992 et
664 956 721 1010 ego
742 935 818 992 nihil
839 938 935 1010 magis
956 904 993 990 ex
1016 934 1077 992 fide

169 1079 259 1136 quam
280 1058 319 1116 de
342 1066 373 1116 te
395 1060 500 1119 scribo.
546 1060 676 1118 Posteris
696 1081 735 1118 an
757 1060 857 1136 aliqua
878 1078 949 1115 cura
969 1063 1077 1128 nostri,

169 1187 281 1254 nescio,
303 1202 357 1240 nos
379 1191 463 1240 certe
485 1203 645 1253 meremur,
667 1191 703 1240 ut
730 1187 769 1240 sit
793 1183 904 1260 aliqua,
925 1201 986 1238 nou
1008 1181 1077 1238 dico

169 1310 293 1382 ingenio
321 1305 365 1384 (id
395 1310 476 1362 enim
505 1303 691 1382 superbum),
721 1305 775 1362 sed
796 1304 898 1362 studio
920 1311 952 1360 et
972 1303 1077 1360 labore

170 1415 203 1487 et
224 1433 394 1487 reverentia
421 1435 620 1505 posterorum.
666 1428 828 1504 Pergamus
853 1427 944 1485 modo
964 1431 1077 1483 itinere

169 1556 320 1621 institut0,
330 1552 411 1629 quod
427 1559 462 1608 ut
476 1572 587 1628 paucos
596 1556 628 1608 in
638 1550 739 1608 lucem
750 1550 922 1628 famamque
936 1555 1078 1626 provexit

170 1676 213 1729 ita
226 1672 337 1729 multos
352 1691 369 1728 e
384 1672 520 1728 tenebris
534 1679 567 1728 et
581 1670 702 1728 silentio
716 1669 851 1746 protulit.
894 1669 978 1727 Vale.

595 1940 652 1996 XV

393 2089 423 2146 C.
450 2089 569 2146 Primus
592 2089 721 2146 Fauconr
744 2089 805 2147 Suo
826 2088 855 2146 S.

214 2237 400 2294 Rsruosuuu
429 2241 459 2293 in
481 2237 603 2307 Tuscos,
639 2245 673 2295 ut
708 2241 808 2294 omnia
843 2237 880 2294 ad
916 2238 1077 2294 arbitrium

170 2390 272 2427 meum
293 2369 433 2426 facerem.
478 2370 521 2426 At
542 2369 599 2426 hoc
621 2390 660 2426 ne
682 2373 713 2424 in
728 2369 833 2426 Tuscis
848 2368 989 2445 quidem3
1011 2375 1077 2425 tam

170 2492 274 2549 multis
295 2492 430 2569 undique
452 2498 630 2550 rusticorum
652 2492 763 2550 libellis
791 2501 823 2552 et
851 2482 914 2550 tam
941 2492 1077 2569 querulis

170 2619 331 2692 inquietor,
353 2635 427 2692 quos
448 2616 602 2692 aliquanto
624 2620 719 2692 magis
741 2620 854 2673 invitus
873 2635 964 2692 quam
991 2633 1077 2672 meos
1143 2685 1148 2688 ,

170 2739 257 2816 lego:
279 2760 348 2795 nam
371 2749 404 2798 et
424 2759 508 2798 meos
528 2744 648 2796 invitus.
694 2740 836 2797 Retracto
855 2743 936 2796 enim
958 2742 1077 2795 actiun-

66 2927 69 2932 ,
171 2861 253 2919 culas
273 2862 427 2938 quasdam,
448 2863 529 2940 quod
557 2871 626 2939 post
647 2862 908 2939 intercapedinem
930 2867 1077 2937 temporis

171 2994 205 3043 et
218 2984 363 3062 frigidum
378 2994 410 3043 et
428 2987 569 3043 acerbum
585 2993 640 3044 est.
686 2985 828 3043 Rationes
843 2988 927 3062 quasi
947 2985 1076 3043 absente

171 3129 220 3165 me
235 3109 449 3186 negleguntur.
488 3109 646 3166 luterdum
661 3117 763 3167 tamen
778 3129 889 3187 equum
904 3109 1077 3166 conscendo

172 3240 204 3289 et
238 3241 357 3309 patrem
392 3233 522 3290 familiae
558 3232 705 3291 haetenus
733 3255 800 3311 ago,
828 3233 909 3312 quod
944 3233 1075 3310 aliquam

175 3371 232 3408 210
