2352 3802
345 388 435 446 THE
464 387 648 446 LETTERS
677 388 732 446 OF
759 387 884 445 PLINY

165 549 308 617 Priscum,
323 553 357 604 et
371 550 447 623 petii
462 549 582 603 veniam
596 545 686 604 huius
700 548 834 603 muneris
849 551 882 602 et
896 548 1068 620 impetravi.

164 647 234 717 Sed,
250 666 319 703 cum
333 653 439 722 postea
453 644 557 702 consul
579 644 756 720 designatus
777 647 955 714 censuisset,
976 662 1070 719 agen-

163 746 236 802 dum
260 745 425 814 nobiscum,
451 763 579 821 quorum
602 751 668 801 erat
696 747 850 801 excusatio
878 751 1011 819 recepta,
1035 751 1072 800 ut

164 863 297 900 essemus
320 847 352 901 in
373 823 671 918 senatus'potestate
691 850 926 919 pateremurque
947 844 1072 898 nomina

164 950 266 999 nostra
302 945 334 998 in
369 961 477 999 urnam
512 945 618 1012 conici,
647 945 967 999 convenientissimum
1003 960 1071 998 esse

163 1039 377 1116 tranquillitati
419 1039 530 1096 saeculi
569 1043 615 1096 tui
653 1043 758 1116 putavi
792 1041 970 1115 praesertim
1006 1046 1072 1095 tam

164 1138 338 1195 moderatae
363 1137 513 1194 voluntati
537 1137 712 1214 amplissimi
738 1137 850 1194 ordinis
875 1157 935 1193 non
959 1156 1071 1213 repug-

164 1256 245 1294 nare.
290 1235 344 1291 Cui
360 1236 504 1311 obsequio
518 1255 588 1292 meo
603 1243 676 1312 opto
697 1243 732 1292 ut
753 1238 908 1292 existimes
930 1243 1072 1292 constare

164 1339 323 1404 rationem,
348 1353 416 1390 cum
439 1338 540 1391 omnia
568 1333 649 1408 facta
676 1334 818 1411 dictaque
847 1354 915 1391 mea
943 1333 1073 1410 probare

165 1436 358 1491 sanctissimis
372 1433 505 1488 moribus
519 1436 580 1490 tuis
595 1435 722 1508 cupiam.
858 1429 860 1433 ’

580 1700 655 1757 Illa

476 1831 629 1889 Taxmuus
654 1831 758 1888 Pnrnuo

207 1965 253 2022 Er
267 1969 339 2022 civis
354 1973 387 2022 et
402 1969 549 2022 senatoris
564 1966 635 2021 boni
650 1965 786 2041 partibus
801 1963 925 2022 functus
940 1983 973 2022 es
988 1964 1074 2022 obse-

166 2067 271 2141 quium
285 2063 461 2140 amplissimi
482 2063 604 2133 ordiniS,
626 2062 708 2140 quod
733 2066 895 2121 iustissime
918 2064 1074 2138 exigebat,

165 2161 355 2239 praestando.
399 2160 482 2232 Quas
504 2169 605 2238 partes
627 2160 825 2238 impleturum
848 2169 881 2219 te
903 2161 1074 2218 secundum

166 2267 337 2336 susceptam
352 2259 442 2317 fidem
456 2258 582 2316 confido.

601 2479 645 2534 IV

350 2610 381 2667 C.
405 2611 525 2667 Pmruus
546 2610 684 2667 Taxiano
707 2610 894 2667 Iurnaaroar

212 2743 419 2800 lunumnurm
441 2752 504 2814 tua,
518 2748 682 2820 imperator
703 2746 827 2819 optime,
850 2761 939 2819 quam
961 2740 1078 2817 plenis-

170 2853 276 2907 simam
301 2853 447 2925 experi0r‚
473 2848 611 2906 hortatur
629 2867 689 2918 me,
705 2856 739 2904 ut
753 2847 880 2904 audeam
903 2847 959 2904 tibi
980 2849 1077 2902 etiam

170 2974 225 3032 pro
249 2958 352 3012 amicis
376 2954 519 3030 obligari;
541 2959 622 3011 inter
636 2974 710 3032 quos
731 2954 787 3010 sibi
810 2952 859 3009 vel
878 2955 1077 3029 praecipuum

204 3115 217 3138 ⁰
234 3106 321 3155 When
341 3105 500 3170 provincials
520 3105 617 3170 sought
636 3110 665 3155 to
684 3108 823 3170 prosecute
845 3119 861 3152 a
883 3069 1077 3168 governorsan

171 3171 299 3221 advocate
310 3171 353 3220 for
365 3171 437 3220 tham
449 3187 502 3220 was
513 3170 658 3236 ordinarily
670 3171 765 3220 chosen
777 3169 867 3234 bylot‚
877 3173 925 3218 out
936 3169 964 3218 of
974 3170 1079 3218 several

171 3236 325 3286 nominated
337 3236 372 3301 by
385 3238 431 3286 the
442 3235 546 3287 Senate.
583 3235 647 3286 This
658 3235 727 3286 form
739 3251 793 3285 was
805 3234 933 3284 observed
946 3234 1032 3295 when,
1046 3252 1079 3285 as

175 3331 232 3404 278
