2438 3790
382 421 485 498 THE,
500 421 683 479 LETTERS
712 419 766 479 OF
796 417 921 475 PLINY

200 588 432 637 monumentum
449 579 593 636 Pallantis
608 583 650 636 ita
665 580 856 652 inscriptum:
873 575 969 632 ‘Huic
984 583 1107 632 senatus

200 690 240 746 ob
275 688 366 745 fidem
400 692 609 764 pietatemque
644 706 716 762 erga
749 694 892 762 patronos
929 691 1109 740 ornamenta
1198 729 1199 750 2

201 799 351 871 praetoria
365 795 502 852 decrevit
516 802 549 852 et
569 797 744 852 sestertium
763 795 879 849 centies
898 794 1108 868 quinquagies,
1198 785 1199 832 3

201 906 284 958 cuius
300 902 413 959 honore
428 908 591 958 contentus
605 899 682 957 fuit!

242 1008 393 1085 Equidem
416 1027 582 1084 numquam
604 1026 671 1063 sum
693 1009 828 1076 miratus,
851 1024 928 1082 quae
951 1007 1069 1079 saepius
1091 1024 1109 1059 a
1198 1003 1199 1026 ¹

201 1115 323 1172 fortuna
351 1133 441 1192 quam
469 1134 486 1169 a
520 1113 632 1170 iudicio
665 1111 943 1188 proficiscerentur;
977 1115 1108 1167 maxime

203 1230 305 1279 tamen
320 1221 370 1277 hic
383 1240 433 1277 me
448 1220 556 1278 titulus
570 1219 738 1290 admonuit,
753 1238 843 1296 quam
864 1226 968 1276 essent
988 1222 1109 1274 mimica

202 1338 235 1387 et
262 1333 377 1405 inepta,
392 1348 469 1405 quae
497 1327 652 1385 interdum
679 1331 710 1383 in
738 1326 796 1383 hoc
819 1347 955 1397 caenum,
970 1324 1024 1382 inl
1054 1325 1109 1382 has

202 1434 304 1492 sordes
334 1435 537 1504 abicerentur,
565 1453 642 1510 quae
681 1433 815 1512 denique
843 1432 895 1490 ille
923 1431 1047 1490 furcifer
1076 1439 1110 1489 et

202 1545 338 1617 recipere
373 1560 462 1597 ausus
497 1549 545 1598 est
579 1548 612 1597 et
646 1559 784 1597 recusare
819 1547 911 1616 atque
946 1543 1039 1597 etiam
1073 1546 1110 1595 ut

202 1647 418 1704 moderationis
440 1646 614 1722 exemplum
629 1650 757 1723 posteris
779 1646 914 1722 prodere.
959 1645 1020 1704 Sed
1035 1644 1110 1722 quid

202 1753 366 1829 indignor?
420 1753 530 1810 Ridere
561 1757 664 1824 satiuS,
695 1773 734 1810 ne
762 1773 794 1810 se
822 1772 967 1830 magnum
993 1752 1110 1829 aliquid
1198 1819 1199 1824 ἵ

201 1860 329 1936 adeptos
357 1842 478 1936 putent,
506 1864 558 1936 qui
587 1860 646 1917 huc
675 1860 823 1918 felicitate
852 1865 1043 1936 perveniunt,
1074 1867 1110 1917 ut
1198 1841 1199 1848 ἵ

202 1966 366 2024 rideantur.
410 1967 493 2023 Vale.

607 2168 695 2225 XXX

406 2300 438 2357 C.
464 2301 585 2357 Punuus
607 2299 760 2358 Gnnuroiu
783 2301 844 2359 Suo
866 2301 895 2359 S.

243 2433 417 2504 Touounoir,
447 2433 528 2510 quod
556 2433 747 2510 discipulum,
775 2442 810 2491 ut
838 2435 951 2505 scribis,
976 2437 1110 2510 optimae

203 2545 268 2617 spei
288 2544 423 2611 amisisti,
443 2545 526 2598 cuius
546 2548 578 2598 et
593 2540 768 2599 valetudine
790 2549 823 2599 et
843 2550 941 2600 morte
962 2542 1111 2618 impedita

202 2648 303 2706 studia
322 2655 375 2705 tua
389 2647 495 2724 quidni
517 2652 619 2719 sciam,
641 2669 710 2706 cum
732 2653 771 2706 sis
792 2653 927 2707 omnium
946 2649 1110 2706 officiorum

203 2755 494 2826 observantissimus,
544 2774 673 2832 cumque
716 2774 830 2826 omnes,
872 2775 947 2833 quos
991 2756 1110 2832 probaS,
1198 2741 1199 2820 J

203 2861 379 2919 effusissime
400 2860 528 2937 diligas!

245 2965 297 3024 Me
312 2966 371 3024 huc
386 2986 505 3044 quoque
520 2968 634 3024 urbana
648 2970 772 3044 negotia
788 2976 995 3045 persecuntur.
1040 2967 1110 3025 Non

323 3087 332 3118 ¹
350 3089 377 3136 in
388 3089 450 3138 add.
466 3089 566 3152 Dpra,
581 3089 688 3152 Bipom,
703 3092 808 3152 Mulier,
822 3107 870 3140 om.
888 3092 926 3150 M,
943 3091 975 3140 K.
1066 3119 1068 3124 .

938 3185 1102 3195 *-

237 3227 249 3248 ⁰
266 3219 412 3269 Freedman
424 3221 477 3270 and
494 3221 627 3272 fuvourite
638 3224 666 3273 oi
683 3225 729 3274 the
742 3225 868 3288 Emperor
882 3223 1016 3274 Claudius.
1054 3225 1110 3273 The

204 3285 302 3348 special
335 3285 449 3350 insignia
482 3303 553 3337 worn
579 3287 616 3354 by
640 3289 806 3354 triumphing
840 3290 968 3354 generals,
994 3289 1108 3349 consuls,

207 3380 243 3450 78
