2352 3802
346 381 435 440 THE
464 380 646 442 LETTERS
675 381 730 439 OF
759 380 886 437 PLINY

165 545 269 594 autem
303 537 489 594 mittendum
524 540 638 613 putavi,
672 545 707 594 ut
741 535 831 606 simul
865 542 898 592 et
931 542 1074 609 sumptus

164 643 325 715 levaretur,
347 652 380 701 et
401 643 580 720 impleretur
603 642 759 720 publicum
779 641 916 699 officium.
961 641 1073 698 Eidem

165 754 281 808 civitati
295 754 444 826 imputata
457 757 530 807 sunt
543 758 632 808 terna
642 748 735 821 milia,
746 767 824 826 quae
834 751 936 806 viatici
946 751 1072 805 nomine

165 876 265 914 annua
286 857 438 914 dabantur
459 856 561 932 legato
583 860 669 914 eunti
689 856 730 913 ed
754 875 835 926 eum,
858 858 910 932 qui
935 854 1073 912 Moesiae

166 972 295 1039 praeest,
310 964 431 1040 publice
447 963 655 1021 salutandum:
693 963 780 1019 Haec
795 981 853 1038 ego
868 965 899 1018 in
914 969 1073 1038 posterum

165 1069 408 1127 circumcidenda
442 1072 619 1126 existimavi.
662 1069 716 1138 Te,
753 1068 886 1138 domine,
913 1087 996 1144 rogo,
1026 1076 1074 1139 ut,

165 1175 238 1252 quid
259 1180 381 1246 sentias,
406 1176 600 1234 rescribendo
621 1183 675 1233 aui
697 1175 855 1232 consilium
877 1194 981 1232 meum
1003 1194 1074 1230 con-

165 1282 283 1340 firmare
297 1292 350 1341 aut
365 1303 496 1341 errorem
511 1284 674 1341 emendare
687 1282 831 1359 digneris,

567 1477 669 1535 XLIV

474 1618 629 1676 Tausius
651 1619 756 1676 Pimio

206 1757 328 1816 ΟΡΤιΜΕ
350 1757 458 1830 fecisti,
482 1759 624 1818 Secunde
652 1762 814 1831 carissime,
842 1757 984 1816 duodena
1012 1763 1073 1816 ista

166 1863 329 1942 Byzantiis,
350 1885 428 1942 quae
452 1866 490 1923 ad
516 1865 711 1923 salutandum
730 1885 780 1924 me
802 1869 834 1922 in
855 1865 992 1942 legatum
1014 1870 1071 1923 im·

165 1948 390 2047 pendebantur,
417 1971 612 2030 remittendo.
667 1972 827 2048 Fungetur
850 1971 897 2029 his
922 1972 1071 2048 partibus,

165 2081 223 2134 etsi
244 2076 341 2135 solum
363 2097 467 2136 eorum
492 2078 666 2156 psephisma
686 2099 741 2156 per
761 2087 795 2136 te
815 2083 940 2137 missum
964 2077 1069 2136 fuerit.

166 2183 309 2260 Ignoscet
336 2184 395 2242 iliis
418 2193 450 2242 et
480 2185 614 2244 Moesiae
642 2206 773 2263 praeses,
801 2191 825 2244 si
854 2190 954 2244 minus
982 2186 1069 2243 iilum

164 2299 341 2368 sumptuose
356 2292 515 2350 coluerint.

569 2489 654 2547 XLV

341 2623 372 2679 C.
397 2622 518 2680 Pinnos
539 2622 679 2680 Tasisiso
702 2622 890 2680 lmpsmom
957 2612 959 2616 ’

206 2754 394 2825 ΒιΡιοΜΑΤΑ,
423 2753 556 2826 domine,
577 2773 702 2830 quorum
732 2753 797 2812 dies
825 2757 999 2831 praeterita,
1028 2775 1069 2812 an

164 2863 287 2916 omnino
309 2860 460 2916 observari
488 2866 521 2916 et
548 2879 638 2936 quam
666 2860 718 2917 diu
741 2861 826 2930 velis,
848 2879 921 2936 rogo
946 2861 1069 2933 scribas,

196 3035 209 3058 ⁰
225 3025 273 3077 Col
292 3027 385 3076 urnius
396 3025 494 3076 Macer.
531 3025 579 3076 See
590 3043 616 3076 x.
628 3027 661 3076 42
673 3030 743 3077 note.

197 3093 207 3124 ⁶
224 3091 259 3142 Or
279 3107 330 3152 ers,
344 3091 436 3156 nigned
448 3091 542 3156 hythe
555 3091 689 3156 Emperor,
705 3097 733 3142 io
745 3107 791 3140 use
802 3091 850 3140 ihe
861 3089 982 3154 imperial
994 3096 1067 3154 post·

163 3159 191 3271 ΞΓ
208 3156 834 3287 iiiiiieiii‘zieiffiiiissi‘iiiiii
851 3155 903 3271 ii}
917 3155 1068 3286 iiiiii

164 3334 222 3389 334
