2354 3802
336 373 425 431 THE
454 372 636 430 LETTERS
666 372 721 430 OF
751 371 877 428 PLINY

100 551 102 555 ·
195 530 264 588 Scio
288 549 369 586 nunc
391 530 448 586 tibi
470 549 537 587 esse
559 533 754 605 praecipuum
777 528 912 586 studium
934 528 1060 596 orandi;

155 627 210 685 sed
225 647 286 683 non
300 627 370 684 ideo
384 645 504 703 semper
518 645 687 702 pugnacem
701 625 783 683 hunc
805 633 837 682 et
858 629 942 703 quasi
966 626 1061 682 bella-

155 729 267 783 ton‘um
301 725 405 783 stilum
440 727 591 781 suaserim.
645 725 688 781 Ut
723 728 805 781 enim
839 730 939 781 terrae
973 727 1060 780 variis
1167 767 1168 790 2

155 827 340 901 mutatisque
363 823 527 880 seminibus
549 826 593 879 ita
616 825 740 898 ingenia
764 829 866 878 nostra
890 842 971 878 nunc
994 820 1059 891 hac,
1167 871 1168 878 ,

155 941 236 979 nunc
264 921 317 978 illa
344 921 544 979 meditatione
573 919 755 978 recoluntur.
801 919 876 976 Volo
904 919 1059 976 interdum

153 1019 285 1097 aliquem
310 1039 346 1076 ex
372 1018 497 1076 historia
521 1017 620 1074 locum
645 1017 866 1093 adprehendas,
891 1017 959 1073 volo
982 1021 1060 1093 epis-

154 1116 251 1174 tulam
264 1115 441 1192 diligentius
456 1115 574 1171 scribas.
619 1113 697 1169 Nam
719 1133 809 1190 saepe
831 1117 862 1170 in
887 1114 1060 1172 orationesl
1167 1145 1168 1158 κ

153 1233 274 1291 quoque
309 1233 371 1270 non
404 1211 547 1268 historica
581 1211 682 1282 modu,
717 1211 772 1269 sed
806 1231 901 1287 prope
939 1215 1060 1287 poetica
1167 1217 1168 1220 ’

154 1312 392 1388 descriptionum
420 1314 583 1368 necessitas
611 1309 729 1380 incidit,
758 1318 791 1367 et
819 1329 938 1386 pressus
960 1330 1060 1368 sermo

154 1429 306 1487 purusque
328 1428 366 1465 ex
388 1407 525 1484 epistulis
546 1411 670 1483 petitur.
715 1407 772 1465 Fas
797 1415 845 1465 est
869 1415 902 1465 et
927 1412 1061 1466 carmine

154 1511 280 1578 remitti,
294 1526 356 1564 non
371 1506 439 1564 dico
453 1510 598 1564 continuo
613 1513 646 1563 et
665 1506 758 1583 longo
784 1506 828 1582 (id
853 1510 935 1563 enim
956 1507 1060 1582 perfici

153 1609 211 1662 nisi
225 1609 257 1661 in
271 1609 333 1662 otio
348 1625 409 1662 non
423 1605 538 1680 potest)
554 1604 608 1662 sed
622 1603 680 1661 hoc
694 1612 802 1680 arguto
817 1612 850 1662 et
870 1606 963 1675 breui,
979 1606 1061 1682 quod
1167 1633 1168 1638 ¹

153 1711 225 1780 apte
240 1711 368 1780 quantas
389 1703 466 1760 libet
486 1707 700 1779 occupationes
721 1722 867 1780 curasque
888 1703 1059 1779 distinguit.

155 1800 252 1858 Lusus
268 1809 413 1859 vocantur
426 1821 433 1870 ;
455 1801 509 1859 sed
524 1801 556 1857 hi
570 1801 652 1858 lusus
666 1821 729 1859 non
742 1805 891 1859 minorem
905 1803 1061 1859 interdum

155 1899 282 1976 gloriam
304 1919 394 1976 quam
419 1903 496 1956 seria
520 1907 740 1968 consecuntur;
768 1907 861 1977 atque
890 1900 967 1958 adeo
996 1903 1062 1978 (cur

54 2045 57 2052 .
154 2002 237 2056 enim
251 2006 283 2055 te
298 1997 454 2056 adversus
468 2017 530 2054 non
544 1999 679 2056 versibus
693 1997 837 2057 adhorter
849 1999 873 2073 i)

195 2127 240 2186 Ut
253 2129 318 2185 laus
333 2136 380 2186 est
394 2149 491 2201 cerae,
505 2129 604 2188 mollis
619 2129 792 2208 cedensque
807 2139 951 2208 sequatur

235 2226 259 2280 si
273 2221 378 2280 doctos
392 2222 503 2298 digitos
517 2227 655 2300 iussaque
670 2223 722 2282 fiat
735 2244 811 2301 opus

193 2324 226 2374 et
240 2336 321 2373 nunc
335 2315 479 2374 informet
493 2317 625 2375 Martem
639 2326 812 2395 castamque
827 2319 1005 2388 Minervam,

237 2430 318 2466 nunc
333 2410 484 2468 Venerem
500 2411 632 2487 effingat,
647 2432 728 2469 nunc
743 2412 870 2469 Veneris
881 2431 1019 2487 puerum,

194 2511 289 2580 utque
304 2508 379 2560 sacri
392 2503 493 2562 fontes
507 2525 569 2563 non
584 2505 646 2562 sola
659 2506 801 2563 incendia
815 2510 936 2576 sistunt,

235 2617 325 2674 saepe
340 2602 432 2655 etiam
447 2597 532 2656 flores
547 2619 700 2676 vernaque
714 2607 800 2676 prata
813 2599 942 2671 iuvant?

193 2694 235 2748 sic
250 2690 405 2748 hominum
419 2695 576 2767 ingenium
591 2691 671 2749 flecti
685 2692 815 2768 ducique
829 2712 884 2768 per
898 2701 978 2751 artes

235 2804 296 2840 non
310 2786 421 2860 rigidas
435 2784 525 2842 docta
538 2786 708 2843 mobilitate
721 2786 820 2844 decet.

154 2923 262 3001 ltaque
277 2928 386 2982 summi
403 2932 546 2994 oratores,
561 2930 670 2982 summi
691 2931 785 2984 etiam
806 2932 861 2985 viri
884 2933 926 2985 sic
951 2949 983 2987 se
1005 2940 1061 2988 aut

153 3023 337 3079 exercebant
350 3029 404 3078 aut
424 3021 628 3094 delectabant,
642 3027 735 3080 immo
756 3024 952 3084 delectabant
973 3048 1061 3086 exer-

253 3151 261 3182 ¹
277 3151 410 3200 orationes
421 3152 517 3210 Mna,
531 3152 638 3216 Bipona,
653 3155 680 3202 K
686 3154 721 3215 1.,
734 3156 854 3205 oratione
864 3174 887 3216 r,
904 3157 931 3205 K
937 3158 975 3208 11.

253 3215 264 3246 2
280 3217 374 3265 iuvant
385 3217 419 3266 M
422 3233 445 3276 r,
460 3217 566 3281 Bipona,
581 3219 616 3279 K,
630 3219 722 3270 lavant
734 3221 816 3283 Dpa,
829 3223 934 3273 Malla.

159 3331 197 3384 24
