2438 3790
332 366 421 423 rnu
450 319 634 424 narrans
663 366 718 424 or
748 366 875 423 rurus

150 529 246 601 magis
274 533 322 582 est
350 522 544 601 reprehensa,
573 523 654 600 quod
682 527 794 598 nupsit.
839 523 919 580 Nam
946 523 1057 582 mulier

151 661 301 718 natalibus
324 659 412 730 clara,
437 661 570 716 moribus
598 660 700 735 proba,
724 667 826 716 aetate
849 659 983 730 decliuis,
1002 660 1056 717 diu

151 797 251 867 vidua,
285 804 384 853 mater
418 796 490 852 olim
526 815 632 872 parum
667 794 777 852 decore
813 802 917 853 secuta
952 801 1056 852 matri-

151 937 286 990 monium
306 931 466 990 videbatur
493 932 596 989 divitis
624 936 704 990 senis
732 937 776 989 ita
802 933 915 1008 perditi
939 935 1055 1004 morbo,

151 1077 185 1127 ut
209 1089 276 1127 esse
294 1069 397 1126 taedio
419 1077 522 1145 posset
544 1073 639 1139 uxori,
651 1089 742 1146 quam
760 1074 882 1130 iuvenis
904 1061 1055 1148 sa'nusque

150 1205 294 1263 duxisset.

190 1341 312 1417 Quippe
326 1341 465 1398 omnibus
476 1342 619 1398 membris
631 1309 769 1398 extortus
778 1349 810 1398 et
825 1341 938 1399 fractus
953 1350 1055 1398 tantas

148 1498 221 1554 opes
244 1479 313 1536 solis
338 1479 431 1535 oeulis
446 1479 551 1538 obibat
565 1498 600 1534 ae
619 1498 659 1536 ne
678 1483 711 1534 in
728 1479 842 1536 lectulo
857 1479 980 1556 quidem
996 1469 1054 1538 nisi

148 1612 187 1667 ab
209 1611 274 1667 aliis
299 1610 485 1666 movebatur.
531 1609 613 1680 Quin
635 1614 728 1667 etiam
752 1610 887 1686 (foedum
910 1615 1054 1669 miseran-

147 1742 281 1819 dumque
306 1742 403 1817 dictu)
426 1741 537 1799 dentes
561 1740 705 1800 lavandos
731 1743 943 1821 fricandosque
967 1764 1054 1821 prae-

148 1875 247 1932 bebat.
272 1873 421 1931 Auditum
446 1874 625 1951 frequenter
648 1895 685 1932 ex
700 1874 761 1946 illo,
785 1895 855 1932 oum
874 1885 1055 1952 quereretur

147 2007 186 2064 de
201 2007 392 2064 contumeliis
414 2007 581 2064 debilitatis
606 2028 688 2079 suae,
710 2007 823 2084 digitos
842 2029 875 2066 se
899 2029 1054 2067 servorum

147 2159 268 2196 suorum
291 2139 428 2215 quotidie
452 2139 577 2215 lingere.
623 2140 753 2197 Vivebat
766 2148 871 2198 tamen
895 2151 928 2200 et
952 2147 1054 2202 vivere

148 2271 268 2329 volebat
282 2279 476 2329 sustentante
498 2275 628 2329 maxime
650 2292 753 2346 uxore,
769 2293 846 2350 quae
868 2275 988 2351 culpam
1011 2280 1054 2332 in-

148 2404 248 2461 choati
263 2407 447 2461 matrimonii
461 2408 493 2460 in
507 2405 635 2480 gloriam
650 2411 876 2481 perseverantia
891 2416 1032 2465 verterat.

190 2535 295 2593 Habes
324 2555 429 2592 omnes
456 2534 573 2592 fabulas
609 2537 707 2604 urbis;
743 2553 813 2594 nam
848 2547 920 2596 sunt
947 2559 1054 2600 omnes
1178 2535 1179 2560 ¹

148 2668 268 2725 fabulae
282 2661 399 2724 Tullus,¹
420 2668 624 2744 Exspectatur
644 2673 753 2727 auctio.
799 2669 870 2727 Fuit
892 2675 974 2728 enim
988 2679 1053 2728 tam

148 2797 294 2874 co'piosuS,
319 2807 354 2857 ut
368 2799 567 2876 amplissimos
592 2800 695 2858 hortos
718 2801 835 2873 eodem,
851 2822 911 2879 quo
926 2812 1053 2876 emerat,

148 2931 198 2989 die
227 2935 405 2989 instruxerit
441 2933 577 3008 plurimis
615 2942 647 2991 et
682 2938 899 3011 antiquissimis
933 2939 1051 2994 statuis.

148 3019 280 3120 Tantum
295 3062 338 3118 illi
360 3063 631 3138 pulcherrimorum
647 3084 772 3139 operum
787 3070 819 3121 in
835 3066 957 3136 horreiS,
973 3087 1051 3143 quae

148 3195 400 3271 neglegebantur.
445 3195 580 3251 Invicem
602 3203 648 3266 tu,
673 3199 697 3252 si
722 3197 796 3272 quid
824 3201 894 3255 istic
922 3198 1052 3275 epistula

152 3319 209 3378 150
