<?xml version="1.0" encoding="UTF-8"?>
<!DOCTYPE html PUBLIC "-//W3C//DTD XHTML 1.0 Transitional//EN"
    "http://www.w3.org/TR/xhtml1/DTD/xhtml1-transitional.dtd">
<html xmlns="http://www.w3.org/1999/xhtml" xml:lang="en" lang="en">
 <head>
  <title>
</title>
<meta http-equiv="Content-Type" content="text/html;charset=utf-8" />
  <meta name='ocr-system' content='tesseract 3.04.00' />
  <meta name='ocr-capabilities' content='ocr_page ocr_carea ocr_par ocr_line ocrx_word'/>
</head>
<body>
  <div class='ocr_page' id='page_1' title='image "./letters00hutcgoog/letters00hutcgoog_0171.png"; bbox 0 0 2438 3790; ppageno 0'>
   <div class='ocr_carea' id='block_1_1' title="bbox 356 341 896 403">
    <p class='ocr_par' dir='ltr' id='par_1_1' title="bbox 356 341 896 403">
     <span class='ocr_line' id='line_1_1' title="bbox 356 341 896 403; baseline 0.002 -2"><span class='ocrx_word' id='word_1_1' title='bbox 356 341 445 402; x_wconf 85' lang='lat' dir='ltr'>THE</span> <span class='ocrx_word' id='word_1_2' title='bbox 475 342 661 403; x_wconf 85' lang='lat' dir='ltr'><strong>LETTERS</strong></span> <span class='ocrx_word' id='word_1_3' title='bbox 684 344 739 403; x_wconf 88' lang='lat' dir='ltr'>OF</span> <span class='ocrx_word' id='word_1_4' title='bbox 769 344 896 402; x_wconf 91' lang='lat' dir='ltr'>PLINY</span> 
     </span>
    </p>
   </div>
   <div class='ocr_carea' id='block_1_2' title="bbox 172 502 1078 687">
    <p class='ocr_par' dir='ltr' id='par_1_2' title="bbox 172 502 1078 687">
     <span class='ocr_line' id='line_1_2' title="bbox 173 502 1078 581; baseline 0.003 -23"><span class='ocrx_word' id='word_1_5' title='bbox 173 521 346 579; x_wconf 83' lang='lat' dir='ltr'><strong>cognosces.</strong></span> <span class='ocrx_word' id='word_1_6' title='bbox 377 502 455 559; x_wconf 93' lang='lat' dir='ltr'>Nam</span> <span class='ocrx_word' id='word_1_7' title='bbox 469 503 621 581; x_wconf 89' lang='lat' dir='ltr'>plerisque</span> <span class='ocrx_word' id='word_1_8' title='bbox 636 508 761 561; x_wconf 88' lang='lat' dir='ltr'>mutatis</span> <span class='ocrx_word' id='word_1_9' title='bbox 776 523 812 562; x_wconf 91' lang='lat' dir='ltr'>ea</span> <span class='ocrx_word' id='word_1_10' title='bbox 826 508 946 581; x_wconf 87' lang='lat' dir='ltr'>quoque</span> <span class='ocrx_word' id='word_1_11' title='bbox 961 511 1078 561; x_wconf 87' lang='lat' dir='ltr'>mutata</span> 
     </span>
     <span class='ocr_line' id='line_1_3' title="bbox 172 608 678 687; baseline 0.002 -21"><span class='ocrx_word' id='word_1_12' title='bbox 172 608 326 681; x_wconf 89' lang='lat' dir='ltr'>videntur,</span> <span class='ocrx_word' id='word_1_13' title='bbox 339 629 416 687; x_wconf 90' lang='lat' dir='ltr'>quae</span> <span class='ocrx_word' id='word_1_14' title='bbox 430 618 565 668; x_wconf 91' lang='lat' dir='ltr'>manent.</span> <span class='ocrx_word' id='word_1_15' title='bbox 595 610 678 668; x_wconf 85' lang='lat' dir='ltr'><strong>Vale.</strong></span> 
     </span>
    </p>
   </div>
   <div class='ocr_carea' id='block_1_3' title="bbox 389 821 854 1012">
    <p class='ocr_par' dir='ltr' id='par_1_3' title="bbox 389 821 854 1012">
     <span class='ocr_line' id='line_1_4' title="bbox 576 821 667 879; baseline 0.022 -2"><span class='ocrx_word' id='word_1_16' title='bbox 576 821 667 879; x_wconf 90' lang='lat' dir='ltr'>XXII</span> 
     </span>
     <span class='ocr_line' id='line_1_5' title="bbox 389 953 854 1012; baseline 0.004 -4"><span class='ocrx_word' id='word_1_17' title='bbox 389 953 421 1009; x_wconf 92' lang='lat' dir='ltr'>C.</span> <span class='ocrx_word' id='word_1_18' title='bbox 446 953 566 1010; x_wconf 80' lang='lat' dir='ltr'>Pmurus</span> <span class='ocrx_word' id='word_1_19' title='bbox 588 953 724 1010; x_wconf 78' lang='lat' dir='ltr'>Gmnnro</span> <span class='ocrx_word' id='word_1_20' title='bbox 746 953 807 1012; x_wconf 89' lang='lat' dir='ltr'>Suo</span> <span class='ocrx_word' id='word_1_21' title='bbox 825 953 854 1011; x_wconf 88' lang='lat' dir='ltr'>S.</span> 
     </span>
    </p>
   </div>
   <div class='ocr_carea' id='block_1_4' title="bbox 168 1083 1144 2533">
    <p class='ocr_par' dir='ltr' id='par_1_4' title="bbox 168 1083 1144 2533">
     <span class='ocr_line' id='line_1_6' title="bbox 212 1083 1076 1162; baseline 0.002 -22"><span class='ocrx_word' id='word_1_22' title='bbox 212 1083 347 1140; x_wconf 78' lang='lat' dir='ltr'>Nosrms</span> <span class='ocrx_word' id='word_1_23' title='bbox 381 1083 447 1156; x_wconf 89' lang='lat' dir='ltr'>hos,</span> <span class='ocrx_word' id='word_1_24' title='bbox 482 1089 533 1162; x_wconf 93' lang='lat' dir='ltr'>qui</span> <span class='ocrx_word' id='word_1_25' title='bbox 568 1089 702 1144; x_wconf 88' lang='lat' dir='ltr'>omniurn</span> <span class='ocrx_word' id='word_1_26' title='bbox 730 1085 891 1143; x_wconf 86' lang='lat' dir='ltr'>libidinum</span> <span class='ocrx_word' id='word_1_27' title='bbox 926 1090 1004 1144; x_wconf 86' lang='lat' dir='ltr'>ser&#39;vi</span> <span class='ocrx_word' id='word_1_28' title='bbox 1034 1089 1076 1143; x_wconf 89' lang='lat' dir='ltr'>sic</span> 
     </span>
     <span class='ocr_line' id='line_1_7' title="bbox 171 1191 1075 1270; baseline 0.002 -23"><span class='ocrx_word' id='word_1_29' title='bbox 171 1191 297 1248; x_wconf 92' lang='lat' dir='ltr'>aliorum</span> <span class='ocrx_word' id='word_1_30' title='bbox 326 1194 406 1249; x_wconf 90' lang='lat' dir='ltr'>vitiis</span> <span class='ocrx_word' id='word_1_31' title='bbox 433 1195 613 1263; x_wconf 88' lang='lat' dir='ltr'>irascuntur,</span> <span class='ocrx_word' id='word_1_32' title='bbox 642 1197 726 1270; x_wconf 86' lang='lat' dir='ltr'>quasi</span> <span class='ocrx_word' id='word_1_33' title='bbox 755 1192 921 1264; x_wconf 82' lang='lat' dir='ltr'>invideant,</span> <span class='ocrx_word' id='word_1_34' title='bbox 949 1201 982 1251; x_wconf 91' lang='lat' dir='ltr'>et</span> <span class='ocrx_word' id='word_1_35' title='bbox 1009 1213 1075 1269; x_wconf 91' lang='lat' dir='ltr'>gra-</span> 
     </span>
     <span class='ocr_line' id='line_1_8' title="bbox 171 1296 1144 1376; baseline 0 -20"><span class='ocrx_word' id='word_1_36' title='bbox 171 1302 292 1356; x_wconf 89' lang='lat' dir='ltr'>vissime</span> <span class='ocrx_word' id='word_1_37' title='bbox 317 1303 458 1374; x_wconf 92' lang='lat' dir='ltr'>puniunt,</span> <span class='ocrx_word' id='word_1_38' title='bbox 482 1318 556 1376; x_wconf 93' lang='lat' dir='ltr'>quos</span> <span class='ocrx_word' id='word_1_39' title='bbox 577 1303 707 1356; x_wconf 85' lang='lat' dir='ltr'>maxime</span> <span class='ocrx_word' id='word_1_40' title='bbox 730 1300 910 1356; x_wconf 78' lang='lat' dir='ltr'>imitantur?</span> <span class='ocrx_word' id='word_1_41' title='bbox 934 1319 1003 1356; x_wconf 91' lang='lat' dir='ltr'>cum</span> <span class='ocrx_word' id='word_1_42' title='bbox 1024 1316 1076 1356; x_wconf 90' lang='lat' dir='ltr'>eos</span> <span class='ocrx_word' id='word_1_43' title='bbox 1133 1296 1144 1309; x_wconf 78' lang='grc'><strong>“</strong></span> 
     </span>
     <span class='ocr_line' id='line_1_9' title="bbox 171 1405 1075 1483; baseline -0.001 -19"><span class='ocrx_word' id='word_1_44' title='bbox 171 1411 274 1476; x_wconf 88' lang='lat' dir='ltr'>etiam,</span> <span class='ocrx_word' id='word_1_45' title='bbox 289 1409 340 1483; x_wconf 93' lang='lat' dir='ltr'>qui</span> <span class='ocrx_word' id='word_1_46' title='bbox 362 1426 423 1463; x_wconf 93' lang='lat' dir='ltr'>non</span> <span class='ocrx_word' id='word_1_47' title='bbox 443 1405 585 1481; x_wconf 86' lang='lat' dir='ltr'>indigent</span> <span class='ocrx_word' id='word_1_48' title='bbox 598 1406 761 1463; x_wconf 86' lang='lat' dir='ltr'>clementia</span> <span class='ocrx_word' id='word_1_49' title='bbox 776 1406 876 1477; x_wconf 90' lang='lat' dir='ltr'>ullius,</span> <span class='ocrx_word' id='word_1_50' title='bbox 890 1405 965 1463; x_wconf 92' lang='lat' dir='ltr'>nihil</span> <span class='ocrx_word' id='word_1_51' title='bbox 979 1411 1075 1483; x_wconf 87' lang='lat' dir='ltr'>magis</span> 
     </span>
     <span class='ocr_line' id='line_1_10' title="bbox 171 1512 1076 1592; baseline 0.002 -23"><span class='ocrx_word' id='word_1_52' title='bbox 171 1532 261 1589; x_wconf 92' lang='lat' dir='ltr'>quam</span> <span class='ocrx_word' id='word_1_53' title='bbox 299 1512 410 1570; x_wconf 88' lang='lat' dir='ltr'>lenitas</span> <span class='ocrx_word' id='word_1_54' title='bbox 445 1512 562 1570; x_wconf 88' lang='lat' dir='ltr'>deceat.</span> <span class='ocrx_word' id='word_1_55' title='bbox 619 1513 723 1592; x_wconf 87' lang='lat' dir='ltr'>Atque</span> <span class='ocrx_word' id='word_1_56' title='bbox 761 1533 819 1590; x_wconf 87' lang='lat' dir='ltr'>ego</span> <span class='ocrx_word' id='word_1_57' title='bbox 856 1518 1005 1590; x_wconf 86' lang='lat' dir='ltr'>optimum</span> <span class='ocrx_word' id='word_1_58' title='bbox 1043 1522 1076 1571; x_wconf 90' lang='lat' dir='ltr'>et</span> 
     </span>
     <span class='ocr_line' id='line_1_11' title="bbox 171 1620 1074 1699; baseline 0.003 -22"><span class='ocrx_word' id='word_1_59' title='bbox 171 1620 451 1678; x_wconf 83' lang='lat' dir='ltr'>emendatissimum</span> <span class='ocrx_word' id='word_1_60' title='bbox 475 1624 624 1692; x_wconf 86' lang='lat' dir='ltr'>existim0,</span> <span class='ocrx_word' id='word_1_61' title='bbox 646 1625 698 1698; x_wconf 92' lang='lat' dir='ltr'>qui</span> <span class='ocrx_word' id='word_1_62' title='bbox 726 1625 836 1679; x_wconf 89' lang='lat' dir='ltr'>ceteris</span> <span class='ocrx_word' id='word_1_63' title='bbox 864 1625 907 1679; x_wconf 89' lang='lat' dir='ltr'>ita</span> <span class='ocrx_word' id='word_1_64' title='bbox 935 1626 1074 1699; x_wconf 84' lang='lat' dir='ltr'>ignoscit,</span> 
     </span>
     <span class='ocr_line' id='line_1_12' title="bbox 170 1727 1075 1805; baseline 0.007 -23"><span class='ocrx_word' id='word_1_65' title='bbox 170 1734 325 1804; x_wconf 86' lang='lat' dir='ltr'>tamquam</span> <span class='ocrx_word' id='word_1_66' title='bbox 346 1731 411 1804; x_wconf 88' lang='lat' dir='ltr'>ipse</span> <span class='ocrx_word' id='word_1_67' title='bbox 433 1727 569 1804; x_wconf 80' lang='lat' dir='ltr'>quotidie</span> <span class='ocrx_word' id='word_1_68' title='bbox 588 1736 707 1805; x_wconf 87' lang='lat' dir='ltr'>peccet,</span> <span class='ocrx_word' id='word_1_69' title='bbox 721 1732 764 1785; x_wconf 88' lang='lat' dir='ltr'>ita</span> <span class='ocrx_word' id='word_1_70' title='bbox 783 1733 916 1805; x_wconf 88' lang='lat' dir='ltr'>peccatis</span> <span class='ocrx_word' id='word_1_71' title='bbox 931 1730 1075 1801; x_wconf 84' lang='lat' dir='ltr'>abstinet,</span> 
     </span>
     <span class='ocr_line' id='line_1_13' title="bbox 170 1835 1074 1912; baseline 0.003 -21"><span class='ocrx_word' id='word_1_72' title='bbox 170 1841 325 1912; x_wconf 87' lang='lat' dir='ltr'>tamquam</span> <span class='ocrx_word' id='word_1_73' title='bbox 347 1838 464 1892; x_wconf 90' lang='lat' dir='ltr'>nemini</span> <span class='ocrx_word' id='word_1_74' title='bbox 486 1839 631 1912; x_wconf 85' lang='lat' dir='ltr'>ignoscat.</span> <span class='ocrx_word' id='word_1_75' title='bbox 676 1835 806 1894; x_wconf 89' lang='lat' dir='ltr'>Proinde</span> <span class='ocrx_word' id='word_1_76' title='bbox 826 1836 883 1894; x_wconf 90' lang='lat' dir='ltr'>hoc</span> <span class='ocrx_word' id='word_1_77' title='bbox 904 1835 996 1909; x_wconf 91' lang='lat' dir='ltr'>domi,</span> <span class='ocrx_word' id='word_1_78' title='bbox 1016 1836 1074 1894; x_wconf 86' lang='lat' dir='ltr'>hoe</span> 
     </span>
     <span class='ocr_line' id='line_1_14' title="bbox 170 1940 1073 2018; baseline 0.004 -21"><span class='ocrx_word' id='word_1_79' title='bbox 170 1940 252 2012; x_wconf 87' lang='lat' dir='ltr'>foris,</span> <span class='ocrx_word' id='word_1_80' title='bbox 276 1940 333 1997; x_wconf 93' lang='lat' dir='ltr'>hoc</span> <span class='ocrx_word' id='word_1_81' title='bbox 355 1946 387 1998; x_wconf 92' lang='lat' dir='ltr'>in</span> <span class='ocrx_word' id='word_1_82' title='bbox 410 1946 493 1999; x_wconf 92' lang='lat' dir='ltr'>omni</span> <span class='ocrx_word' id='word_1_83' title='bbox 508 1945 588 2000; x_wconf 84' lang='lat' dir='ltr'>vitae</span> <span class='ocrx_word' id='word_1_84' title='bbox 610 1962 725 2018; x_wconf 84' lang='lat' dir='ltr'>genere</span> <span class='ocrx_word' id='word_1_85' title='bbox 747 1951 917 2015; x_wconf 89' lang='lat' dir='ltr'>teneamus,</span> <span class='ocrx_word' id='word_1_86' title='bbox 931 1951 967 2002; x_wconf 90' lang='lat' dir='ltr'>ut</span> <span class='ocrx_word' id='word_1_87' title='bbox 987 1945 1073 2001; x_wconf 91' lang='lat' dir='ltr'>nobis</span> 
     </span>
     <span class='ocr_line' id='line_1_15' title="bbox 170 2048 1072 2127; baseline 0.004 -23"><span class='ocrx_word' id='word_1_88' title='bbox 170 2048 376 2124; x_wconf 86' lang='lat' dir='ltr'>implacabiles</span> <span class='ocrx_word' id='word_1_89' title='bbox 402 2051 505 2120; x_wconf 88' lang='lat' dir='ltr'>simus,</span> <span class='ocrx_word' id='word_1_90' title='bbox 529 2048 697 2107; x_wconf 85' lang='lat' dir='ltr'>exorabiles</span> <span class='ocrx_word' id='word_1_91' title='bbox 718 2053 783 2107; x_wconf 90' lang='lat' dir='ltr'>istis</span> <span class='ocrx_word' id='word_1_92' title='bbox 804 2054 906 2120; x_wconf 89' lang='lat' dir='ltr'>etiam,</span> <span class='ocrx_word' id='word_1_93' title='bbox 928 2055 980 2127; x_wconf 92' lang='lat' dir='ltr'>qui</span> <span class='ocrx_word' id='word_1_94' title='bbox 1001 2050 1072 2108; x_wconf 89' lang='lat' dir='ltr'>dare</span> 
     </span>
     <span class='ocr_line' id='line_1_16' title="bbox 168 2155 1073 2234; baseline 0.003 -24"><span class='ocrx_word' id='word_1_95' title='bbox 168 2157 289 2211; x_wconf 88' lang='lat' dir='ltr'>veniam</span> <span class='ocrx_word' id='word_1_96' title='bbox 311 2158 369 2212; x_wconf 88' lang='lat' dir='ltr'>nisi</span> <span class='ocrx_word' id='word_1_97' title='bbox 392 2155 448 2212; x_wconf 89' lang='lat' dir='ltr'>sibi</span> <span class='ocrx_word' id='word_1_98' title='bbox 470 2159 620 2227; x_wconf 90' lang='lat' dir='ltr'>nesciunt,</span> <span class='ocrx_word' id='word_1_99' title='bbox 638 2156 877 2234; x_wconf 88' lang='lat' dir='ltr'>mandemusque</span> <span class='ocrx_word' id='word_1_100' title='bbox 899 2161 1073 2229; x_wconf 86' lang='lat' dir='ltr'>memoriae,</span> 
     </span>
     <span class='ocr_line' id='line_1_17' title="bbox 169 2261 1072 2343; baseline 0.006 -26"><span class='ocrx_word' id='word_1_101' title='bbox 169 2261 251 2338; x_wconf 91' lang='lat' dir='ltr'>quod</span> <span class='ocrx_word' id='word_1_102' title='bbox 278 2265 323 2318; x_wconf 85' lang='lat' dir='ltr'>vir</span> <span class='ocrx_word' id='word_1_103' title='bbox 350 2265 526 2320; x_wconf 89' lang='lat' dir='ltr'>mitissimus</span> <span class='ocrx_word' id='word_1_104' title='bbox 555 2270 587 2320; x_wconf 86' lang='lat' dir='ltr'>et</span> <span class='ocrx_word' id='word_1_105' title='bbox 615 2264 654 2320; x_wconf 92' lang='lat' dir='ltr'>ob</span> <span class='ocrx_word' id='word_1_106' title='bbox 682 2263 740 2320; x_wconf 87' lang='lat' dir='ltr'>hoc</span> <span class='ocrx_word' id='word_1_107' title='bbox 767 2284 888 2343; x_wconf 90' lang='lat' dir='ltr'>quoque</span> <span class='ocrx_word' id='word_1_108' title='bbox 915 2267 1072 2336; x_wconf 65' lang='lat' dir='ltr'>maximus</span> 
     </span>
     <span class='ocr_line' id='line_1_18' title="bbox 169 2367 1073 2442; baseline 0.003 -16"><span class='ocrx_word' id='word_1_109' title='bbox 169 2367 312 2440; x_wconf 86' lang='lat' dir='ltr'>Thrasea,</span> <span class='ocrx_word' id='word_1_110' title='bbox 341 2369 446 2426; x_wconf 90' lang='lat' dir='ltr'>crebro</span> <span class='ocrx_word' id='word_1_111' title='bbox 477 2369 579 2427; x_wconf 90' lang='lat' dir='ltr'>dicere</span> <span class='ocrx_word' id='word_1_112' title='bbox 615 2369 749 2428; x_wconf 83' lang='lat' dir='ltr'>solebat:</span> <span class='ocrx_word' id='word_1_113' title='bbox 783 2375 793 2406; x_wconf 54' lang='grc' dir='ltr'><em>ί</em></span> <span class='ocrx_word' id='word_1_114' title='bbox 805 2370 866 2442; x_wconf 87' lang='lat' dir='ltr'>Qui</span> <span class='ocrx_word' id='word_1_115' title='bbox 893 2374 966 2429; x_wconf 86' lang='lat' dir='ltr'>vitia</span> <span class='ocrx_word' id='word_1_116' title='bbox 996 2371 1073 2442; x_wconf 87' lang='lat' dir='ltr'>odit,</span> 
     </span>
     <span class='ocr_line' id='line_1_19' title="bbox 168 2473 407 2533; baseline 0.008 -3"><span class='ocrx_word' id='word_1_117' title='bbox 168 2473 307 2533; x_wconf 88' lang='lat' dir='ltr'>homines</span> <span class='ocrx_word' id='word_1_118' title='bbox 322 2473 407 2532; x_wconf 69' lang='lat' dir='ltr'>odie!</span> 
     </span>
    </p>
   </div>
   <div class='ocr_carea' id='block_1_5' title="bbox 210 2580 1071 2661">
    <p class='ocr_par' dir='ltr' id='par_1_5' title="bbox 210 2580 1071 2661">
     <span class='ocr_line' id='line_1_20' title="bbox 210 2580 1071 2661; baseline 0.005 -23"><span class='ocrx_word' id='word_1_119' title='bbox 210 2581 337 2653; x_wconf 87' lang='lat' dir='ltr'>Quaeris</span> <span class='ocrx_word' id='word_1_120' title='bbox 366 2580 502 2654; x_wconf 83' lang='lat' dir='ltr'>fortasse,</span> <span class='ocrx_word' id='word_1_121' title='bbox 530 2599 590 2661; x_wconf 91' lang='lat' dir='ltr'>quo</span> <span class='ocrx_word' id='word_1_122' title='bbox 624 2591 793 2642; x_wconf 89' lang='lat' dir='ltr'>commotus</span> <span class='ocrx_word' id='word_1_123' title='bbox 827 2584 903 2642; x_wconf 88' lang='lat' dir='ltr'>haec</span> <span class='ocrx_word' id='word_1_124' title='bbox 934 2585 1071 2642; x_wconf 54' lang='lat' dir='ltr'>scribam,</span> 
     </span>
    </p>
   </div>
   <div class='ocr_carea' id='block_1_6' title="bbox 166 2686 1075 3344">
    <p class='ocr_par' dir='ltr' id='par_1_6' title="bbox 166 2686 1075 3257">
     <span class='ocr_line' id='line_1_21' title="bbox 169 2686 1072 2768; baseline 0.003 -23"><span class='ocrx_word' id='word_1_125' title='bbox 169 2688 275 2764; x_wconf 91' lang='lat' dir='ltr'>Nuper</span> <span class='ocrx_word' id='word_1_126' title='bbox 303 2686 523 2766; x_wconf 91' lang='lat' dir='ltr'>quidam—sed</span> <span class='ocrx_word' id='word_1_127' title='bbox 549 2689 657 2747; x_wconf 90' lang='lat' dir='ltr'>melius</span> <span class='ocrx_word' id='word_1_128' title='bbox 682 2710 800 2759; x_wconf 88' lang='lat' dir='ltr'>coram;</span> <span class='ocrx_word' id='word_1_129' title='bbox 827 2711 1010 2768; x_wconf 87' lang='lat' dir='ltr'>quamquam</span> <span class='ocrx_word' id='word_1_130' title='bbox 1031 2711 1072 2748; x_wconf 92' lang='lat' dir='ltr'>ne</span> 
     </span>
     <span class='ocr_line' id='line_1_22' title="bbox 168 2787 1074 2866; baseline 0.003 -22"><span class='ocrx_word' id='word_1_131' title='bbox 168 2794 243 2844; x_wconf 91' lang='lat' dir='ltr'>tunc</span> <span class='ocrx_word' id='word_1_132' title='bbox 267 2787 400 2864; x_wconf 88' lang='lat' dir='ltr'>quidem.</span> <span class='ocrx_word' id='word_1_133' title='bbox 444 2788 559 2846; x_wconf 86' lang='lat' dir='ltr'>Vereor</span> <span class='ocrx_word' id='word_1_134' title='bbox 579 2793 671 2859; x_wconf 92' lang='lat' dir='ltr'>enim,</span> <span class='ocrx_word' id='word_1_135' title='bbox 695 2809 734 2847; x_wconf 91' lang='lat' dir='ltr'>ne</span> <span class='ocrx_word' id='word_1_136' title='bbox 757 2789 799 2861; x_wconf 93' lang='lat' dir='ltr'>id,</span> <span class='ocrx_word' id='word_1_137' title='bbox 819 2789 902 2866; x_wconf 91' lang='lat' dir='ltr'>quod</span> <span class='ocrx_word' id='word_1_138' title='bbox 923 2790 1074 2866; x_wconf 89' lang='lat' dir='ltr'>improbo,</span> 
     </span>
     <span class='ocr_line' id='line_1_23' title="bbox 167 2885 1072 2965; baseline 0.003 -22"><span class='ocrx_word' id='word_1_139' title='bbox 167 2904 219 2944; x_wconf 89' lang='lat' dir='ltr'>eos</span> <span class='ocrx_word' id='word_1_140' title='bbox 233 2889 351 2956; x_wconf 88' lang='lat' dir='ltr'>sectari,</span> <span class='ocrx_word' id='word_1_141' title='bbox 368 2905 502 2962; x_wconf 89' lang='lat' dir='ltr'>carpere,</span> <span class='ocrx_word' id='word_1_142' title='bbox 516 2885 631 2945; x_wconf 87' lang='lat' dir='ltr'>referre</span> <span class='ocrx_word' id='word_1_143' title='bbox 645 2887 725 2959; x_wconf 90' lang='lat' dir='ltr'>huic,</span> <span class='ocrx_word' id='word_1_144' title='bbox 745 2887 826 2965; x_wconf 94' lang='lat' dir='ltr'>quod</span> <span class='ocrx_word' id='word_1_145' title='bbox 849 2908 917 2946; x_wconf 91' lang='lat' dir='ltr'>cum</span> <span class='ocrx_word' id='word_1_146' title='bbox 940 2892 1072 2946; x_wconf 89' lang='lat' dir='ltr'>maxime</span> 
     </span>
     <span class='ocr_line' id='line_1_24' title="bbox 166 2984 1073 3065; baseline 0.007 -25"><span class='ocrx_word' id='word_1_147' title='bbox 166 2987 378 3060; x_wconf 62' lang='lat' dir='ltr'>praecipimus</span> <span class='ocrx_word' id='word_1_148' title='bbox 392 2993 552 3062; x_wconf 88' lang='lat' dir='ltr'>repugnet.</span> <span class='ocrx_word' id='word_1_149' title='bbox 597 2984 741 3065; x_wconf 85' lang='lat' dir='ltr'>Quisquis</span> <span class='ocrx_word' id='word_1_150' title='bbox 761 2985 823 3060; x_wconf 94' lang='lat' dir='ltr'>ille,</span> <span class='ocrx_word' id='word_1_151' title='bbox 843 2987 1073 3065; x_wconf 89' lang='lat' dir='ltr'>qualiscunque,</span> 
     </span>
     <span class='ocr_line' id='line_1_25' title="bbox 167 3081 1075 3162; baseline 0.008 -25"><span class='ocrx_word' id='word_1_152' title='bbox 167 3081 301 3155; x_wconf 88' lang='lat' dir='ltr'>sileatur,</span> <span class='ocrx_word' id='word_1_153' title='bbox 315 3101 406 3160; x_wconf 88' lang='lat' dir='ltr'>quem</span> <span class='ocrx_word' id='word_1_154' title='bbox 427 3087 572 3160; x_wconf 89' lang='lat' dir='ltr'>insignire</span> <span class='ocrx_word' id='word_1_155' title='bbox 592 3084 724 3160; x_wconf 89' lang='lat' dir='ltr'>exempli</span> <span class='ocrx_word' id='word_1_156' title='bbox 737 3084 826 3157; x_wconf 90' lang='lat' dir='ltr'>nihil,</span> <span class='ocrx_word' id='word_1_157' title='bbox 839 3104 901 3142; x_wconf 93' lang='lat' dir='ltr'>non</span> <span class='ocrx_word' id='word_1_158' title='bbox 915 3089 1075 3162; x_wconf 90' lang='lat' dir='ltr'>insignire,</span> 
     </span>
     <span class='ocr_line' id='line_1_26' title="bbox 166 3179 785 3257; baseline 0.008 -20"><span class='ocrx_word' id='word_1_159' title='bbox 166 3179 364 3238; x_wconf 86' lang='lat' dir='ltr'>humanitatis</span> <span class='ocrx_word' id='word_1_160' title='bbox 378 3180 541 3257; x_wconf 86' lang='lat' dir='ltr'>plurimum</span> <span class='ocrx_word' id='word_1_161' title='bbox 555 3181 659 3240; x_wconf 85' lang='lat' dir='ltr'>refert.</span> <span class='ocrx_word' id='word_1_162' title='bbox 701 3181 785 3242; x_wconf 87' lang='lat' dir='ltr'>Vale.</span> 
     </span>
    </p>

    <p class='ocr_par' dir='ltr' id='par_1_7' title="bbox 171 3291 224 3344">
     <span class='ocr_line' id='line_1_27' title="bbox 171 3291 224 3344; baseline 0 0"><span class='ocrx_word' id='word_1_163' title='bbox 171 3291 224 3344; x_wconf 85' lang='lat'>162</span> 
     </span>
    </p>
   </div>
   <div class='ocr_carea' id='block_1_7' title="bbox 0 107 1224 3790">
    <p class='ocr_par' dir='ltr' id='par_1_8' title="bbox 0 107 1224 3790">
     <span class='ocr_line' id='line_1_28' title="bbox 0 107 1224 3790; baseline 0 2"><span class='ocrx_word' id='word_1_164' title='bbox 0 107 1224 3790; x_wconf 95' lang='lat' dir='ltr'> </span> 
     </span>
    </p>
   </div>
  </div>
 </body>
</html>
