2354 3802
318 346 408 404 THE
437 346 620 405 LETTERS
649 347 704 406 OF
733 346 859 405 PLINY

101 498 108 510 ’
133 523 210 581 puer
224 511 256 562 et
276 507 393 561 iuvenis
417 509 514 563 evasit
536 508 617 562 intra
638 512 779 582 quartum
807 512 840 563 et
866 508 1046 562 vicesimum

133 635 246 672 annum
261 619 386 673 maritus
401 622 443 686 et,
458 619 483 672 si
496 615 572 674 deus
586 615 753 687 adnuisset,
767 623 862 692 pater.

174 730 258 788 Vixit
272 734 303 786 in
318 730 518 788 contubernio
532 735 616 788 aviae
631 730 780 788 delicatae
795 733 984 788 severissime
1009 739 1044 788 et

132 854 237 904 tamen
264 845 543 922 obsequentissime.
589 845 733 903 Habebat
760 845 812 903 illa
839 847 1044 922 pantomimos

131 961 315 1038 fovebatque
329 961 460 1032 effusius,
474 981 565 1038 qnam
579 965 707 1038 principi
722 961 854 1020 feminae
875 961 1043 1019 convenit.1

134 1077 201 1134 Hos
216 1074 389 1147 Quadratus
404 1080 512 1133 nonin
532 1075 663 1147 theatro,
678 1096 740 1134 non
761 1075 843 1133 domi
864 1078 1044 1152 spectabat3

134 1212 191 1251 nec
220 1191 271 1249 illa
300 1191 450 1268 exigebat.
504 1191 625 1262 Audivi,
641 1195 747 1268 ipsam,
774 1212 843 1250 cum
865 1191 940 1250 mihi
961 1212 1043 1250 com-

134 1308 295 1366 mendaret
309 1312 429 1384 nepotis
444 1312 490 1366 sui
503 1307 613 1379 studia,
628 1308 724 1366 solere
745 1327 778 1366 se
792 1315 828 1366 nt
848 1307 994 1366 feminam
1007 1312 1043 1365 in

129 1423 182 1480 illo
196 1427 258 1481 otio
272 1442 360 1481 sexus
374 1422 475 1481 laxare
494 1427 628 1480 animum
647 1422 715 1481 lusu
735 1423 926 1496 calculorum,
941 1422 1041 1482 solere

130 1546 267 1615 spectare
295 1542 496 1614 pantomimos
524 1557 593 1596 suos
605 1557 613 1606 ;
634 1537 698 1607 sed,
723 1558 791 1595 cum
819 1536 936 1596 factura
957 1547 1041 1598 esset

128 1653 318 1724 alterutrum,
340 1672 460 1729 semper
482 1673 514 1710 se
538 1657 645 1729 nepoti
659 1673 713 1710 suo
726 1657 924 1730 praecepisse,
939 1654 1040 1713 abiret

130 1769 328 1846 studeretque
341 1787 349 1837 ;
370 1768 452 1846 qnod
465 1769 541 1826 mihi
554 1789 616 1826 non
630 1789 732 1827 amore
748 1773 812 1827 eius
825 1773 921 1846 magis
935 1769 1038 1828 facere

130 1905 221 1962 qnam
235 1888 407 1943 reverentia
420 1884 587 1942 videbatur.

170 1999 339 2070 Miraberis,
353 2007 385 2056 et
400 2019 458 2076 ego
471 2003 596 2056 miratus
617 2017 691 2056 sum.
735 1997 881 2055 Proximis
902 1998 1037 2056 sacerdo-

128 2114 239 2172 talibus
261 2114 340 2172 ludis
365 2113 519 2190 productis
543 2117 575 2171 in
598 2117 807 2172 commissione
831 2117 1035 2190 pantomimis,

128 2247 197 2286 cum
211 2227 300 2286 simul
314 2227 435 2286 theatro
450 2248 508 2304 ego
522 2236 556 2287 et
567 2227 740 2300 Quadratus
751 2227 977 2304 egrederemur,
991 2232 1035 2286 ait

127 2341 222 2401 mihi:
245 2342 328 2402 ‘Scis
342 2362 392 2400 me
401 2343 492 2401 hodie
503 2347 634 2420 primum
649 2343 758 2401 vidisse
772 2343 936 2401 saltantem
949 2346 1033 2401 aviae

125 2479 211 2516 meae
230 2458 410 2516 libertum?’
434 2459 504 2516 Hoc
514 2477 616 2536 nepos.
660 2459 702 2516 At
717 2458 840 2517 hercule
860 2459 1034 2518 alienissimi

126 2573 264 2631 homines
279 2577 311 2630 in
325 2573 471 2632 honorem
486 2559 695 2646 Quadratillae
718 2574 828 2651 (pudet
848 2594 898 2632 me
919 2574 1029 2634 dixisse

126 2688 285 2763 honorem)
326 2708 381 2765 per
422 2689 604 2748 adulationis
646 2690 775 2747 officium
810 2693 842 2746 in
876 2689 1030 2749 theatrum

158 2819 167 2850 ¹
184 2822 308 2870 convenit
319 2821 360 2880 M,
375 2821 482 2886 Bipona,
498 2823 532 2882 K,
546 2823 700 2872 conveniret
711 2823 811 2886 Dpra,
827 2822 894 2883 Octo,
907 2823 1014 2874 Mrillar.

157 2945 171 2968 ⁰
188 2935 236 2988 Sea
250 2938 283 2986 vi.
299 2940 336 2987 ll.

157 3003 167 3032 ⁶
184 3001 240 3051 The
252 3002 310 3052 ludi
320 3007 345 3064 (a
357 3007 425 3053 term
444 3005 530 3054 which
542 3003 667 3054 included
679 3005 849 3065 horse-races,
862 3005 1026 3067 theatricals,

124 3065 177 3117 aud
195 3067 307 3118 athletis
325 3073 423 3131 garues)
443 3069 580 3120 exhibited
598 3074 627 3119 at
645 3071 747 3120 certain
764 3071 889 3136 religione
907 3071 1027 3122 festivals

125 3148 194 3182 were
216 3132 346 3247 severallp
369 3134 508 3199 organised
528 3134 564 3198 by
583 3135 630 3184 the
650 3136 756 3185 various
774 3136 888 3201 priestly
907 3137 1027 3200 collegas.

126 3196 210 3246 What
221 3199 324 3261 capacia
344 3198 403 3250 tunt
413 3199 493 3264 Pliny
509 3199 571 3249 bere
582 3200 665 3250 refers
677 3206 714 3261 to,
727 3200 751 3250 is
762 3201 904 3254 unknown.
1004 3241 1006 3245 ,

125 3291 164 3350 60
