2438 3790
5 1323 38 1368 ἱ»

12 1661 60 1772 Ε

23 1783 60 1894 ἐ

35 1927 61 2016 ¹..

45 2027 62 2128 t

436 353 525 412 THE
554 353 738 412 LETTERS
766 354 821 412 OF
849 353 976 412 PLINY

254 521 367 584 tectae,
389 532 528 591 quaeque
564 513 623 570 alia
653 512 813 570 fecundior
842 512 928 589 palus
958 516 1084 589 ipsaque
1109 511 1161 568 illa

255 636 432 692 extremitas
445 631 528 690 lacus
543 633 638 690 effert.
682 632 743 690 Sua
757 636 865 709 cuique
880 631 974 708 figura
988 638 1024 688 ut
1037 631 1160 699 modus3

254 755 373 809 cunctis
392 771 498 828 margo
519 751 652 822 derasus,
674 755 745 829 quia
758 751 937 830 frequenter
951 751 1000 809 vel
1014 749 1096 808 litori
1110 750 1159 808 vel

236 873 311 930 ,sibi
325 871 423 930 illisae
435 879 542 929 terunt
554 879 766 948 terunturque.
797 871 854 928 Par
864 872 1003 928 omnibus
1017 870 1159 942 altitudo,

253 1011 308 1068 par
320 991 447 1059 levitas;
468 996 581 1069 quippe
596 996 628 1047 in
643 995 776 1067 speciem
790 995 909 1048 carinae
931 990 1038 1048 humili
1057 991 1159 1048 radice

254 1106 454 1164 descendunt.
521 1107 607 1163 Haec
643 1108 681 1163 ab
717 1111 800 1163 omni
840 1107 936 1164 latere
978 1111 1160 1183 perspicitur

253 1221 422 1299 eademque
458 1242 602 1298 suspensa
629 1226 744 1298 pariter
775 1229 807 1279 et
838 1242 943 1279 mersa.
998 1222 1159 1279 Interdum

254 1342 376 1395 iunctae
411 1337 631 1415 copulataeque
660 1345 693 1394 et
723 1340 895 1394 continenti
930 1336 1042 1393 similes
1077 1345 1158 1407 sunt,

253 1451 408 1510 interdum
450 1451 691 1509 discordantibus
730 1454 828 1509 ventis
866 1430 1065 1527 digeruntur;
1097 1471 1159 1508 non

253 1587 418 1644 numquam
432 1567 599 1625 destitutae
610 1566 832 1644 tranquillitate
846 1567 983 1643 singulae
998 1567 1128 1624 fluitant.

272 1731 278 1740 .
294 1680 392 1757 Saepe
407 1684 538 1738 minores
560 1682 722 1738 maioribus
737 1679 821 1738 velut
840 1680 999 1738 cumbulae
1013 1686 1160 1738 onerariis

252 1796 485 1866 adhaerescunt,
513 1815 603 1871 saepe
632 1800 713 1854 inter
742 1816 773 1853 se
805 1800 933 1853 maiores
965 1800 1159 1874 minoresque

253 1915 338 1989 quasi
352 1932 473 1970 cursum
487 1921 704 1990 certamenque
729 1913 911 1980 desumunt3
933 1932 1034 1969 rursus
1053 1933 1160 1971 omnes
1202 1949 1204 1956 =

252 2033 285 2085 in
300 2028 433 2086 eundem
446 2029 547 2086 locum
561 2013 715 2105 adpulsae,
730 2049 790 2105 qua
804 2036 967 2099 steterunt,
978 2038 1161 2103 promovent

253 2151 365 2200 terram
394 2152 427 2200 et
454 2142 544 2200 modo
571 2143 639 2214 hac,
666 2142 758 2200 modo
791 2142 859 2199 illac
892 2141 991 2199 lacum
1024 2143 1161 2200 reddunt

253 2258 457 2336 auferuntque
480 2279 515 2316 ac
537 2268 605 2316 tum
624 2260 758 2329 demum,
774 2279 842 2316 cum
864 2259 1000 2316 medium
1019 2265 1159 2329 tenuere,

253 2393 315 2430 non
330 2373 522 2430 contrahunt.
567 2374 693 2431 Constat
718 2393 828 2450 pecora
852 2373 961 2431 herbas
987 2381 1091 2432 secuta
1117 2378 1159 2431 sic

252 2494 284 2545 in
313 2488 425 2547 insulas
454 2489 520 2546 illas
548 2497 583 2547 ut
611 2494 643 2546 in
671 2497 839 2548 extremam
868 2493 964 2566 ripam
992 2488 1159 2565 procedere

253 2604 349 2662 solere
364 2624 421 2661 nec
435 2608 518 2681 prius
532 2604 713 2681 intellegere
727 2604 839 2662 mobile
854 2605 961 2675 solum,
972 2624 1063 2681 quam
1078 2605 1160 2662 litori

252 2720 380 2794 abrepta
394 2723 478 2796 quasi
492 2718 577 2776 illata
592 2727 625 2777 et
639 2723 779 2795 imposita
794 2718 1007 2776 circumfusum
1022 2719 1159 2797 undique

254 2833 353 2890 lacum
368 2841 509 2909 paveant,
523 2853 603 2904 mox,
619 2854 678 2911 quo
692 2834 799 2892 tulerit
813 2842 933 2904 ventus,
957 2854 1078 2910 egressa
1096 2856 1160 2893 non

253 2952 396 3024 mugisse
415 2946 608 3005 descendisse
631 2953 756 3019 sentire,
770 2970 861 3026 quam
880 2953 1032 3008 senserint
1053 2969 1159 3008 ascen-

253 3062 342 3120 disse.
388 3061 474 3118 ldem
495 3061 577 3118 lacus
600 3066 632 3118 in
651 3061 764 3120 flumen
783 3067 929 3139 egeritur,
948 3063 1040 3140 quod,
1058 3065 1112 3121 ubi
1127 3085 1159 3122 se

254 3175 406 3252 paulisper
428 3175 522 3233 oculis
544 3176 641 3248 dedit,
664 3197 757 3255 specu
778 3183 927 3256 mergitur
948 3178 1072 3256 alteque
1087 3200 1158 3236 con·

257 3285 312 3360 156
