2438 3790
382 367 471 424 THE
500 366 683 425 LETTERS
712 364 766 424 OF
795 366 922 424 PLlNY

200 530 304 579 tamen
332 522 460 580 dilatum
488 527 583 600 magis
613 523 695 580 istud
731 542 821 599 quam
856 529 1013 598 negatum,
1035 539 1106 577 cum
1147 547 1154 554 ·

200 628 281 686 salva
315 634 363 700 sit,
394 651 431 687 ex
465 651 523 708 qua
554 635 666 707 sperari
702 638 812 707 potest.
864 628 958 710 Simul
996 647 1108 684 excusa

201 741 277 812 patri
303 746 357 795 tuo
380 757 491 808 casum,
516 741 565 794 cui
596 741 726 812 paratior
753 737 834 813 apud
862 735 989 793 feminas
1017 721 1108 791 venia

201 852 256 901 est.
300 844 383 904 Vale.

626 1054 687 1110 XII

413 1213 444 1270 C.
462 1213 582 1270 Funus
599 1213 767 1270 Miniciano
782 1213 844 1272 Suo
859 1213 887 1270 S.

244 1371 337 1428 Hunc
359 1371 456 1428 solum
480 1370 562 1427 diem
587 1391 704 1428 excuso
751 1370 941 1428 Recitaturus
963 1379 1010 1428 est
1031 1372 1105 1429 Titi-

201 1483 268 1535 nius
283 1477 399 1554 Capito,
413 1497 504 1555 quern
519 1498 577 1553 ego
591 1478 695 1535 audire
707 1483 808 1535 nescio
822 1483 918 1555 magis
926 1479 1055 1537 debeam
1066 1501 1107 1536 an

201 1590 329 1662 cupiam.
374 1585 426 1641 Vir
440 1594 487 1642 est
501 1589 633 1661 optimus
656 1593 688 1642 et
712 1590 793 1642 inter
813 1589 974 1663 praecipua
994 1587 1105 1644 saeculi

201 1699 380 1749 ornamenta
395 1691 618 1760 numerandus3
640 1691 712 1750 colit
727 1693 836 1763 studia,
851 1693 1000 1752 studiosos
1014 1703 1107 1764 amat,

201 1799 294 1870 fovet,
309 1798 458 1876 provehit,
473 1797 708 1875 multorumque,
723 1804 775 1875 qui
788 1799 889 1876 aliqua
910 1809 1109 1876 componunt,

200 1916 314 1984 portua
328 1911 419 1978 sinuS,
434 1907 604 1984 gremium,l
618 1911 752 1964 omniurn
772 1907 954 1982 exemplum,
976 1911 1108 1984 ipsarum

201 2015 334 2092 denique
361 2014 532 2073 litterarum
562 2018 622 2074 iam
650 2018 874 2072 senescentium
903 2013 1045 2072 reductor
1071 2037 1107 2072 ac

203 2121 388 2178 reformator.
454 2121 585 2178 Domum
620 2140 704 2177 suam
739 2123 935 2179 recitantibus
970 2123 1107 2197 praebet,

201 2227 359 2298 auditoria,
386 2246 448 2283 non
482 2226 563 2302 apud
598 2247 630 2283 se
665 2233 785 2284 tantum
812 2226 1004 2302 benignitate
1032 2232 1108 2284 mira

202 2335 396 2413 frequentat3
417 2334 491 2391 mihi
515 2341 609 2405 certe,
623 2339 648 2392 si
672 2334 762 2390 modo
786 2338 818 2390 in
840 2335 915 2392 urbe
937 2342 993 2405 est,
1008 2335 1108 2395 defuit

202 2460 366 2516 nunquam.

245 2547 334 2603 Porro
358 2555 445 2604 tanto
467 2552 586 2623 turpius
611 2552 739 2624 gratiam
762 2567 824 2604 non
848 2547 970 2618 referre,
993 2556 1109 2625 quanto

202 2653 357 2710 honestior
383 2674 471 2712 causa
494 2653 681 2712 referendae.
725 2653 785 2726 An,
808 2658 832 2712 si
855 2655 959 2712 litibus
981 2662 1109 2726 tererer‚

203 2761 383 2817 obstrictum
399 2779 464 2817 esse
479 2780 529 2818 me
545 2761 701 2818 crederem
711 2762 836 2818 obeunti
846 2760 1015 2818 vadimonia
1030 2780 1109 2831 mea,

203 2886 294 2937 nunc,
317 2871 387 2943 quia
409 2867 484 2924 mihi
506 2887 596 2925 omne
621 2872 788 2943 negotium,
817 2871 913 2924 omnis
941 2871 971 2923 in
1000 2863 1110 2924 studiis

203 2993 283 3044 cura,
305 2978 404 3031 minus
427 2974 544 3050 obligor
571 2981 657 3031 tanta
685 2973 848 3032 sedulitate
877 2974 1053 3046 celebranti,
1077 2978 1108 3032 in

385 3096 391 3126 ¹
409 3097 538 3161 gremium
550 3095 681 3157 Schoeser,
696 3098 841 3161 praemium
854 3098 920 3158 orrly.

581 3221 594 3243 ‘²
610 3211 736 3262 Fabatus.
