2334 3686
326 231 415 289 THE
444 231 628 290 LETTERS
657 231 712 288 OF
743 229 868 288 PLINY

530 474 661 532 LXXXI
707 415 712 441 Ι

320 611 352 668 C.
377 610 498 666 Puiruus
519 609 659 666 'lusiano
682 607 870 664 Iurenaronr

185 743 253 800 Cuu
299 743 408 800 Prusae
451 742 490 799 ad
535 742 711 819 Olympum,
755 742 887 813 domine,
923 742 1052 818 publicis

144 853 276 926 negotiis
290 853 370 907 intra
383 850 549 926 hospitium
564 849 673 906 eodem
687 851 737 908 die
753 853 888 906 exiturus
902 869 1052 920 vacarem,

146 955 342 1032 Asclepiades
363 961 557 1033 magistratus
578 957 724 1015 indicavit
749 956 936 1033 appellatum
958 977 1009 1013 me
1034 976 1053 1012 a

144 1063 270 1120 Claudio
298 1063 455 1140 Eumolpo.
499 1064 575 1120 Cum
604 1064 787 1122 Cocceianus
815 1063 896 1136 Dion
924 1067 956 1119 in
978 1063 1052 1120 bule

144 1171 296 1248 adsignari
317 1175 433 1230 civitati
458 1191 542 1248 opus
568 1175 652 1229 cuius
678 1178 919 1247 curam‘egerat,
945 1170 1051 1241 vellet,

143 1285 209 1335 tum
246 1277 412 1354 Eumolpus
453 1277 603 1334 adsistens
646 1277 748 1334 Flavio
783 1276 937 1352 Archippo
973 1276 1053 1333 dixit

136 1385 327 1461 'exigendam
350 1405 415 1442 esse
437 1377 456 1440 a
478 1383 578 1440 Dione
595 1387 745 1441 rationem
759 1387 858 1460 operis
872 1391 944 1440 ante
959 1403 1053 1460 quam

145 1497 188 1551 rei
223 1492 362 1569 publicae
397 1492 580 1562 traderetur,
608 1484 690 1569 quod
725 1491 813 1549 aliter
847 1490 980 1562 fecisset,
1017 1512 1053 1548 ac

144 1601 307 1659 debuisset.
362 1599 485 1657 Adiecit
520 1604 611 1657 etiarn
648 1619 713 1657 esse
748 1604 780 1656 in
815 1599 923 1657 eodem
958 1619 1053 1675 opere

85 1773 87 1776 .
145 1713 273 1786 positam
287 1715 371 1764 tuam
387 1714 518 1763 statuam
538 1715 571 1764 et
592 1726 716 1782 corpora
737 1706 934 1782 sepultorum,
950 1710 1054 1762 uxoris

145 1808 262 1876 Dionis
291 1814 323 1863 et
351 1804 424 1873 filii;
448 1803 682 1884 postulavitque,
705 1813 740 1862 ut
760 1824 975 1880 cognoscerem
996 1825 1054 1880 pro

145 1904 296 1963 tribunali.

187 2003 276 2074 Quod
291 2023 359 2060 cum
375 2022 433 2077 ego
447 2022 496 2058 me
512 2005 649 2077 protinus
660 2000 810 2058 facturum
825 1999 1053 2076 dilaturumque

145 2100 366 2178 profectionem
381 2100 533 2169 dixissem,
548 2107 583 2157 ut
597 2099 765 2175 longiorem
780 2099 862 2156 diem
881 2097 920 2154 ad
939 2102 1054 2155 instru-

146 2200 257 2257 endam
279 2188 404 2256 causam'
421 2199 534 2269 darem,
549 2206 645 2275 utque
664 2202 696 2254 in
715 2197 773 2254 alia
787 2201 910 2255 civitate
925 2215 1055 2273 cognos-

146 2317 256 2367 cerem,
277 2301 375 2373 petiit.
421 2297 486 2372 Ego
507 2316 556 2353 me
578 2296 753 2353 auditurum
770 2293 883 2352 Niceae
897 2294 1053 2371 respondi.

148 2396 209 2454 Ubi
230 2415 299 2454 cum
320 2394 543 2452 consedissem1
565 2398 750 2472 cogniturus
770 2393 853 2450 idem
875 2392 1055 2468 EumolpuS,

146 2502 301 2571 tamquam
315 2492 414 2549 adhuc
432 2513 537 2567 parum
556 2497 731 2563 instructus
746 2491 924 2563 dilationem
943 2489 1056 2567 petere

147 2591 257 2663 coepit,
287 2595 392 2644 contra
422 2587 512 2657 Dion,
534 2595 570 2644 ut
597 2586 762 2656 audiretur,
785 2591 915 2662 exigere.
960 2586 1058 2646 Dicta

147 2693 219 2742 sunt
246 2688 399 2760 utrimque
426 2683 523 2740 multa
550 2687 643 2740 etiarn
671 2683 710 2740 de
738 2702 833 2739 causa.
888 2683 954 2760 Ego
981 2705 1057 2743 cum

148 2782 279 2839 dandam
299 2780 477 2838 dilationem
497 2789 529 2838 et
548 2781 597 2838 te²
612 2779 831 2838 consulendum
846 2785 1057 2842 existimarem

181 2905 189 2935 ¹
208 2905 261 2955 Ubi
282 2921 341 2954 oum
361 2904 534 2954 consedissem
554 2903 642 2966 Orelli,
665 2903 710 2972 ubi
728 2903 904 2954 consedissem
922 2903 986 2965 Aa,
1008 2906 1059 2956 ubi

148 2987 207 3020 oum
220 2970 342 3020 sedissem
355 2986 379 3018 α.
514 2969 525 2999 ²
541 2974 569 3020 te
580 2986 628 3020 om.
643 2987 669 3028 u,
684 2969 733 3018 Au.

181 3097 194 3118 ⁰
211 3088 270 3146 Dio,
285 3087 425 3136 surnamed
437 3087 620 3155 chrysostom,
633 3088 794 3141 rhetorician
806 3087 858 3135 and
870 3087 1057 3156 philosopher,

148 3173 208 3248 384
