2354 3802
358 394 446 452 THE
474 393 657 457 LETTERS
687 393 740 454 OF
771 394 896 452 PLINY

596 631 655 687 Xll

399 776 430 832 C.
455 776 575 832 Primus
598 776 725 832 Muucro
746 775 807 833 Suo
829 775 858 833 S.

218 918 371 977 Lrsmsuu
401 921 563 978 sontiatum
591 927 608 976 a
636 941 695 992 me,
719 925 797 978 sicut
831 941 986 997 exegeras,
1020 941 1082 999 quo

176 1023 288 1076 amicus
304 1027 384 1089 tuus,
398 1023 491 1075 immo
506 1027 610 1076 noster
626 1020 711 1096 (quid
733 1023 815 1076 enim
837 1039 898 1076 non
919 1039 1081 1078 commune

176 1119 262 1174 nobis
273 1117 308 1192 ?),
337 1121 362 1174 si
398 1137 445 1174 res
478 1125 628 1193 posceret,
656 1125 804 1188 uteretur,
832 1122 899 1176 misi
926 1119 983 1174 tibi
1011 1118 1082 1175 ideo

176 1217 300 1287 tardiuS,
326 1236 365 1273 ne
388 1223 510 1293 tempus
535 1216 718 1273 emendandi
741 1237 820 1286 eum,
845 1217 877 1274 id
899 1224 955 1286 est,
970 1216 1083 1293 disper-

176 1313 280 1384 dendi,
316 1314 451 1372 haberes.
498 1315 635 1371 Habebis
670 1321 783 1384 tamen,
807 1335 851 1383 an
886 1313 1083 1383 emendandi,

176 1416 288 1484 nescio,
316 1417 422 1493 utique
450 1413 654 1489 disperdendi.
698 1411 791 1487 Ὑμεῖς
824 1415 880 1492 γὰρ
916 1415 941 1471 οἱ
971 1413 1083 1488 εὕζηλοι

176 1515 291 1586 optima
318 1531 456 1588 quaeque
485 1511 654 1568 detrahitis
698 1510 789 1581 Quod
817 1515 840 1567 si
869 1511 986 1580 feceris,
1010 1512 1081 1567 boni

176 1609 338 1665 consulam.
384 1609 492 1666 Postea
507 1613 588 1665 enim
609 1609 667 1665 illis
690 1629 727 1665 ex
749 1608 848 1685 aliqua
869 1612 1025 1666 occasione
1047 1616 1084 1664 ut

176 1711 252 1764 meis
266 1715 335 1764 utar
349 1715 381 1764 et
396 1707 543 1764 beneficio
557 1707 671 1764 fastidii
685 1711 731 1764 tui
745 1711 811 1783 ipse
825 1707 979 1777 laudabor,
994 1714 1029 1763 ut
1050 1710 1083 1762 in

131 1793 140 1806 ’
177 1825 223 1876 eo,
237 1804 324 1882 'quod
343 1806 522 1863 adnotatum
545 1810 681 1864 invenies
697 1814 729 1862 et
750 1810 954 1882 superscripto
968 1805 1081 1862 aliter1

178 1903 363 1979 explicitum.
408 1905 486 1961 Nam
512 1925 581 1962 cum
606 1908 773 1981 suspicarer
797 1904 934 1961 futurum
962 1911 998 1960 ut
1025 1903 1083 1960 tibi

176 2002 322 2060 tumidius
351 2002 514 2073 videretur,
539 2002 620 2079 quod
650 2010 697 2059 est
725 2006 880 2059 sonantius
909 2009 941 2059 et
963 2001 1084 2071 elatius,

177 2121 239 2157 non
266 2099 399 2156 alienum
428 2103 606 2170 existimavi,
635 2119 674 2156 ne
706 2107 738 2156 te
768 2107 940 2180 'torqueres
969 2099 1084 2156 addere

177 2201 280 2255 statim
295 2202 425 2273 pressius
440 2197 585 2274 quiddam
601 2205 633 2254 et
648 2198 754 2254 exilius
764 2197 812 2254 vel
824 2202 924 2274 potius
939 2197 1084 2254 humilius

178 2303 211 2354 et
225 2299 320 2373 peius,
335 2304 436 2354 vestro
449 2304 553 2353 tamen
568 2296 679 2353 iudicio
693 2300 813 2354 rectius.
851 2296 910 2353 Cur
925 2298 1007 2352 enim
1021 2315 1084 2352 non

177 2414 393 2472 usquequaque
422 2398 606 2452 tenuitatem
635 2402 766 2451 vestram
793 2397 934 2471 insequar
959 2400 992 2449 et
1014 2412 1084 2449 exa-

178 2495 295 2568 gitem?
341 2493 436 2563 Haec,
460 2500 495 2549 ut
522 2497 604 2550 inter
632 2497 704 2550 istas
732 2495 946 2568 occupationes
968 2490 1085 2567 aliquid

109 2577 110 2580 Ἴ
179 2591 341 2668 aliquando
356 2591 488 2660 rideres3
503 2590 578 2648 illud
593 2596 671 2648 serio
683 2610 691 2660 ;
705 2590 785 2660 vide,
801 2598 836 2647 ut
851 2589 926 2646 mihi
940 2593 1085 2646 viaticum

179 2688 298 2759 reddas,
323 2689 404 2767 quod
427 2689 563 2765 impendi
587 2690 658 2747 data
682 2709 774 2765 opera
802 2708 921 2746 cursore
950 2687 1084 2744 dimisso,

180 2787 227 2843 Ne
242 2795 286 2857 tu,
302 2807 370 2844 cum
385 2787 442 2845 hoc
457 2787 578 2864 legeris
594 2808 657 2844 non
671 2795 773 2864 partes
787 2787 893 2858 libelli,
909 2785 962 2843 sed
984 2793 1084 2842 totum

93 2883 96 2889 ’
178 2885 316 2942 libellum
344 2887 526 2961 improbabis
555 2887 741 2962 negabisque
771 2885 859 2942 ullius
888 2888 979 2959 pretii
1008 2903 1084 2954 esse,

179 2987 263 3040 cuius
278 2987 410 3059 pretium
424 2987 597 3058 reposceris
641 2983 724 3039 Vale.

212 3113 220 3142 ¹
239 3114 417 3177 superscripto
437 3113 516 3162 aliter
534 3112 650 3174 Kokala,
669 3128 797 3177 suprascr.
819 3112 897 3162 aliter
914 3113 999 3172 codd,
1015 3112 1041 3160 K
1049 3111 1084 3173 I.‚

176 3194 304 3242 superscr.
318 3177 370 3226 alio
383 3177 410 3226 K
423 3177 461 3228 ll.
968 3187 971 3196 '

180 3355 215 3410 32
