2334 3686
322 367 411 426 THE
441 367 624 429 LETTERS
653 369 707 429 OF
739 365 864 424 PLlNY

140 531 312 604 praecessit,
327 529 514 587 mittendum
528 533 642 605 putavi,
657 536 692 587 ut
706 531 801 604 possis
820 546 858 584 ex
878 525 1046 602 Lycormae

139 630 172 680 et
186 643 224 680 ex
238 628 318 700 regis
333 625 470 700 epistulis
485 630 599 702 pariter
613 643 804 702 cognoscere,
819 643 897 700 quae
916 622 1046 680 fortasse

138 720 252 792 pariter
270 722 346 775 scire
360 718 462 776 debes

539 941 640 1000 LXIV

314 1096 345 1154 C.
371 1097 491 1154 Pramus
512 1097 651 1154 Tasmuo
673 1097 861 1154 Iurnnaronr

182 1248 244 1304 Rsx
260 1248 587 1327 Sauromatesscripsit
607 1249 683 1306 mihi
704 1268 770 1306 esse
791 1248 950 1327 quaedam,
967 1269 1047 1327 quae

138 1342 266 1400 deberes
295 1364 385 1422 quam
413 1348 615 1401 maturissime
651 1347 735 1401 scire.
779 1341 847 1413 Qua
883 1363 920 1400 ex
956 1363 1048 1400 causa

138 1435 365 1495 festinationem
388 1437 547 1509 tabellarii,
570 1457 662 1514 quern
686 1437 724 1494 ad
748 1445 780 1494 te
808 1457 877 1494 cum
906 1437 1047 1513 epistulis

138 1536 230 1602 misit,
245 1531 411 1608 diplomate
425 1533 534 1590 adiuvi.

551 1779 635 1836 LXV

319 1922 350 1980 C.
375 1922 495 1980 Pururus
516 1923 656 1980 Tnnsuo
678 1924 864 1981 lupanaroar

110 2090 112 2094 ¹
181 2068 304 2138 Msous,
320 2067 452 2138 domine,
467 2067 552 2124 etad
570 2075 667 2125 totam
684 2072 866 2143 provinciam
885 2072 1048 2145 pertinens

138 2162 275 2236 quaestio
290 2165 337 2214 est
356 2157 395 2215 de
414 2156 592 2215 condicione
614 2165 647 2215 et
667 2157 819 2215 alimentis
841 2178 953 2229 eorum,
969 2177 1048 2234 quos

138 2255 248 2305 vocant
269 2249 411 2325 θρεπτούς.
456 2247 492 2303 In
514 2267 574 2324 qua
595 2267 662 2324 ego,
683 2248 794 2305 auditis
818 2252 1047 2306 constitutioni-

138 2339 194 2395 bus
218 2341 388 2414 principum
410 2341 480 2414 quia
504 2337 579 2394 nihil
600 2339 792 2394 inveniebam
814 2346 867 2396 aut
889 2341 1047 2415 proprium

137 2435 191 2484 aut
213 2425 393 2498 universale,
407 2427 489 2503 quod
509 2425 548 2483 ad
566 2427 714 2503 Bithynos
728 2426 869 2497 ferretur,
884 2427 1048 2485 consulen-

138 2516 212 2574 dum
226 2525 258 2575 te
273 2519 452 2586 existimavi,
467 2516 540 2593 quid
555 2517 705 2574 observari
725 2517 828 2588 velles,
842 2537 946 2596 neque
961 2522 1048 2576 enim

138 2611 251 2683 putavi,
280 2627 366 2682 posse
394 2626 444 2664 me
474 2611 506 2662 in
534 2627 580 2677 eo,
608 2606 690 2683 quod
717 2612 931 2665 auctoritatem
959 2615 1048 2665 tuam

139 2704 287 2771 ymsceret,
302 2697 442 2772 exemplo
456 2716 521 2754 esse
536 2704 725 2754 contentum.
811 2753 814 2764 ,

182 2786 377 2844 Recitabatur
397 2794 500 2844 autem
521 2786 602 2861 apud
623 2806 672 2843 me
694 2786 838 2857 edictum,
860 2786 940 2864 quod
961 2785 1047 2843 dice-

138 2877 228 2934 batur
248 2875 310 2932 divi
332 2875 474 2952 Augusti,
491 2875 529 2932 ad
554 2875 678 2932 Asiam¹
700 2879 876 2952 pertinens;
897 2879 1049 2933 recitatae

225 2982 233 3012 ¹
252 2982 342 3030 Asiam
355 2981 456 3040 Hard,
471 2981 586 3030 Anniam
598 2981 677 3043 mala,
692 2982 819 3030 Achaiam
833 2981 939 3030 Momm.

141 3061 158 3068 -
171 3095 183 3117 ⁰
200 3086 240 3136 ia.
268 3085 387 3134 whether
413 3085 476 3146 they
504 3101 572 3133 were
602 3084 699 3149 legally
725 3085 819 3144 elavos,
848 3083 909 3144 and,
940 3083 962 3133 il
984 3093 1048 3142 not.

140 3151 260 3200 whether
272 3152 347 3200 those
359 3150 419 3199 who
430 3149 483 3200 had
500 3149 592 3199 reared
610 3149 684 3200 them
701 3149 778 3198 could
796 3149 873 3199 claim
890 3154 920 3198 to
936 3165 1052 3202 recover

139 3215 186 3266 the
198 3222 256 3265 eost
268 3216 296 3264 of
307 3215 378 3264 their
389 3215 558 3280 upbringing.

142 3311 200 3383 3⁶²
