2334 3686
371 223 459 284 THE
489 225 671 286 LETTERS
700 227 755 286 OF
784 227 911 285 PLINY

188 385 359 461 depositum
388 385 534 461 appellati
561 388 759 463 abnegarent.
818 386 935 459 Quibus
964 391 1088 464 peractis

188 511 301 548 morem
323 493 379 549 sibi
401 492 578 550 discedendi
604 493 695 550 fuisse
718 513 878 570 rursusque
900 495 1029 551 coeundi
1052 495 1089 551 ad

186 599 367 675 capiendum
387 600 497 670 cibum,
517 604 718 676 promiscuum
736 608 839 657 tamen
865 609 897 657 et
916 605 1090 669 innoxium;

187 707 267 783 quod
289 711 387 783 ipsum
409 706 509 764 facere
530 708 655 764 desiisse
677 716 746 783 post
761 707 896 765 edictum
910 726 1090 784 meum,qu0

186 814 353 871 secundum
362 815 978 872 mandatatuahetaeriasessevetueram.
1023 814 1092 886 Quo

186 925 281 996 magis
306 926 507 978 necessarium
531 921 645 978 credidi
670 942 707 978 ex
729 921 845 978 duabus
866 920 992 991 ancillis
1014 941 1092 997 quae

186 1031 341 1085 ministrae
352 1028 542 1099 dicebantur,
558 1027 632 1106 quid
647 1036 729 1086 esset
744 1032 806 1084 veri
821 1035 853 1084 et
868 1047 923 1103 per
937 1034 1093 1084 tormenta

185 1153 339 1209 quaerere.
394 1134 456 1192 Sed
485 1134 560 1191 nihil
589 1134 670 1191 aliud
694 1139 807 1204 iuveni,
831 1153 921 1210 quam
944 1140 1092 1210 supersti-

185 1243 301 1296 tionem
316 1261 447 1316 pravam,
463 1241 661 1298 immodicam.

227 1346 301 1403 Ideo
315 1346 410 1405 dilata
423 1352 598 1423 cognitione
612 1347 651 1404 ad
666 1347 885 1404 consulendum
906 1355 938 1404 te
960 1347 1092 1406 decurri.

185 1454 256 1510 Visa
275 1462 322 1510 est
344 1459 425 1510 enim
447 1454 522 1511 mihi
538 1473 585 1510 res
600 1453 693 1529 digna
714 1454 945 1523 consultatione,
959 1457 1093 1510 maxime

185 1568 309 1636 propter
352 1561 590 1636 periclitantium
632 1580 802 1619 numerum.
867 1561 959 1617 Multi
1009 1565 1093 1617 enim

184 1673 281 1726 omnis
302 1673 421 1739 aetatis,
436 1673 533 1726 omnis
554 1668 677 1738 ordiniS,
692 1673 849 1746 utriusque
875 1686 963 1724 sexus
987 1672 1094 1738 etiarn,

185 1783 330 1831 vocantur
345 1779 376 1830 in
392 1774 559 1850 periculum
581 1784 614 1833 et
634 1777 832 1833 vocabuntur.
876 1775 985 1851 Neque
1008 1779 1094 1831 enim

184 1885 322 1938 civitates
356 1888 487 1953 tautum,
523 1882 577 1939 sed
613 1886 693 1938 vicos
733 1886 826 1939 etiam
868 1889 960 1958 atque
1002 1902 1095 1958 agros

184 1993 407 2064 superstitionis
436 1994 521 2046 istius
550 1993 691 2065 contagio
719 1997 883 2066 pervagata
911 1996 977 2056 est;
1013 2009 1095 2066 quae

184 2095 305 2152 videtur
327 2099 392 2153 sisti
415 2105 448 2153 et
472 2101 581 2172 corrigi
604 2116 699 2172 posse.
744 2096 835 2153 Certe
859 2099 930 2152 satis
959 2103 1095 2166 constat,
1140 2175 1141 2184 ἵ

184 2221 277 2278 prope
292 2206 352 2258 iarn
366 2202 502 2261 desolata
516 2203 631 2278 templa
646 2206 781 2278 coepisse
795 2202 950 2271 celebrari,
961 2209 993 2258 et
1008 2221 1097 2258 sacra
1140 2185 1141 2216 ³

184 2307 329 2365 solemnia
356 2309 409 2367 diu
437 2313 608 2366 intermissa
635 2313 752 2384 repeti:
786 2311 957 2385 passimque
985 2313 1097 2366 venire

184 2418 330 2484 victimas,
352 2435 479 2492 quarum
502 2415 601 2472 adbuc
622 2419 789 2472 rarissimus
812 2421 932 2490 emptor
953 2419 1097 2493 invenie-

184 2522 280 2578 batur.
304 2522 350 2578 Ex
364 2542 425 2600 quo
439 2522 527 2579 facile
543 2531 591 2580 est
604 2527 731 2599 opinari,
742 2541 819 2600 quae
831 2523 920 2578 turba
931 2520 1097 2580 hominurn

184 2628 339 2684 emendari
353 2634 457 2705 possit,
472 2634 496 2686 si
511 2630 563 2686 fiat
576 2633 783 2706 paenitentiae
798 2628 888 2684 locus.
