2352 3802
334 396 424 453 THE
453 394 636 453 LETTERS
664 393 720 452 OF
750 393 876 451 PLINY

154 556 198 613 Ut
219 553 352 624 decreta,
367 554 476 630 quibus
497 552 632 610 damnati
647 560 743 622 erant,
759 550 1000 628 proferebantur,
1015 556 1060 608 ita

152 662 236 720 nulla
284 667 492 732 monumenta,
534 661 644 737 quibus
684 658 806 717 liberati
847 659 1056 735 probarentur.

153 769 248 825 Erant
295 776 410 839 tamen,
455 771 507 844 qui
551 767 690 824 dicerent
733 766 933 842 deprecantes
975 770 1057 823 iussu

152 874 364 950 proconsulum
421 874 628 950 legatorumve
686 873 832 931 dimissos.
913 871 1058 929 Addebat

151 981 252 1052 iidem,
281 980 362 1058 quod
391 980 536 1038 credibile
566 989 632 1038 erat
666 984 822 1038 neminem
857 979 915 1037 hoc
950 999 1057 1036 ausum

152 1093 217 1146 sine
232 1095 364 1146 auctore.

542 1321 664 1379 XXXII

461 1481 617 1538 Tnamuus
641 1481 744 1538 Pnuuo

192 1642 414 1697 Mamurrarum
427 1641 538 1697 idcirco
547 1648 579 1697 te
589 1644 620 1696 in
629 1644 718 1698 istam
727 1645 911 1716 provinciam
920 1644 1055 1712 missum,

150 1760 292 1832 quoniam
307 1755 403 1814 multa
416 1760 450 1812 in
470 1775 506 1812 ea
528 1755 719 1813 emendanda
740 1759 944 1832 apparuerint.
988 1757 1056 1814 Erit

149 1879 253 1928 autem
288 1871 336 1928 vel
371 1870 429 1927 hoc
465 1875 595 1927 maxime
634 1871 856 1947 corrigendum,
884 1871 975 1948 quod,
1003 1876 1054 1949 qui

150 1988 285 2044 damnati
299 1987 338 2044 ad
352 2007 482 2064 poenam
497 1995 593 2058 erant,
608 2007 669 2045 non
684 1987 775 2044 modo
789 2007 825 2045 ea
839 1991 904 2044 sine
920 1996 1054 2058 auctore,

149 2109 184 2158 ut
207 2102 321 2173 scribis,
345 2102 464 2159 liberati
488 2110 568 2173 sunt,
594 2102 648 2160 sed
673 2107 765 2160 etiam
790 2107 821 2158 in
844 2103 1054 2161 condicionem

150 2219 311 2293 proborum
346 2223 552 2277 ministrorum
593 2218 798 2276 retrahuntur.
823 2287 825 2289 ,
857 2218 917 2290 Qui
960 2223 1054 2296 igitur

149 2337 229 2390 intra
251 2333 305 2390 hos
329 2338 479 2410 proximos
501 2333 608 2390 decem
631 2352 725 2391 annos
748 2333 883 2390 damnati
905 2353 963 2408 nec
991 2333 1054 2392 ullo

149 2447 259 2504 idoneo
283 2455 405 2505 auctore
429 2448 548 2505 liberati
573 2457 653 2519 sunt,
679 2448 734 2506 hos
759 2450 912 2526 oportebit
936 2469 1053 2526 poenae

149 2583 220 2620 suae
235 2562 341 2632 reddi3
368 2568 392 2620 si
414 2567 466 2640 qui
487 2567 667 2621 vetustiores
695 2568 890 2622 invenientur
911 2573 943 2624 et
963 2585 1053 2624 senes

148 2685 220 2735 ante
235 2697 329 2735 annos
351 2676 459 2736 decem
480 2678 625 2750 damnati,
640 2677 854 2738 distribuamus
875 2679 941 2738 illos
962 2685 995 2738 in
1017 2701 1053 2738 ea

148 2793 324 2862 ministeria,
339 2811 416 2868 quae
431 2813 493 2849 non
506 2792 597 2868 longe
611 2814 630 2848 a
642 2813 741 2869 poena
755 2797 824 2852 sint.
854 2793 961 2851 Solent
970 2798 1052 2852 enim

148 2911 212 2964 eius
237 2907 318 2964 modi
343 2907 382 2965 ad
407 2908 569 2979 balineum,
594 2909 631 2966 ad
655 2913 851 2985 purgationes
873 2909 1051 2982 cloacarum,

147 3025 222 3078 item
237 3026 421 3081 munitiones
436 3028 549 3081 viarum
565 3033 597 3082 et
611 3029 743 3082 vicorum
757 3025 831 3082 dari.
