2352 3802
343 352 432 411 THE
460 349 643 409 LETTERS
673 349 728 408 OF
758 346 884 405 PLlNY

163 517 207 569 sio
242 519 309 579 est;
344 531 402 568 nec
436 513 642 578 inveniuntur,
678 512 730 585 qui
758 507 854 564 velint
881 499 996 562 deber'e
1025 508 1068 560 rei
1134 545 1143 563 -.

163 619 312 696 publicae,
347 620 526 694 praesertim
559 615 709 673 duodenis
743 612 879 683 assibus,l
911 617 1019 688 quanti
1052 632 1069 666 a

164 729 287 802 privatis
301 731 487 781 mutuantur.
540 721 663 799 Dispice
678 741 759 798 ergo,
774 720 905 790 domine,
920 717 1069 795 numquid

164 833 361 890 minuendam
386 851 506 890 usuram
534 852 568 888 ac
596 850 651 907 per
678 829 736 886 hoc
763 828 887 885 idoneos
914 826 1070 884 debitores

164 939 336 997 invitandos
357 945 457 1015 putes,
477 945 520 1008 et,
545 942 570 994 si
594 957 633 994 ne
656 940 698 993 sic
722 934 846 1012 quidem
865 937 1071 1010 reperiuntur,

165 1044 410 1102 distribuendum
446 1049 527 1102 inter
560 1042 740 1100 decuriones
767 1044 935 1118 pecuniam,
964 1043 1009 1096 ita
1036 1047 1072 1097 ut

165 1159 249 1208 recte
272 1156 317 1208 rei
337 1151 476 1228 publicae
491 1157 639 1217 caveant;
660 1148 742 1226 quod
764 1166 945 1225 quamquam
967 1149 1072 1202 invitis

165 1259 373 1315 recusantibus
409 1262 509 1315 minus
549 1258 692 1314 acerbum
733 1259 792 1312 erit
830 1253 941 1310 leviore
982 1272 1073 1310 usura
1142 1304 1144 1333 ε

166 1369 340 1422 constituta.

592 1650 646 1706 LV

476 1809 632 1866 Tauranus
654 1808 760 1865 Pnnuo

208 1964 254 2022 Er
268 1969 333 2043 ipse
347 1985 408 2022 non
423 1965 505 2022 aliud
519 1956 688 2023 remedium
709 1963 845 2040 dispicio,
867 1967 909 2020 mi
930 1962 1073 2020 Secunde

169 2075 331 2142 carissime,
359 2092 449 2148 quam
478 2081 512 2130 ut
540 2076 694 2149 quantitas
724 2091 882 2128 usurarum
907 2073 1072 2139 minuatur,

167 2197 227 2255 quo
251 2177 368 2235 facilius
390 2182 537 2253 pecuniae
552 2177 692 2254 publicae
706 2177 900 2235 collocentur.
944 2176 1072 2233 Modum

167 2288 232 2342 eius
253 2303 292 2342 ex
306 2287 392 2360 copia
406 2304 520 2356 eorum,
535 2288 586 2361 qui
600 2285 831 2355 mutuabuntur,
846 2292 880 2342 tu
895 2287 1070 2341 constitues.
1091 2293 1093 2300 '
1146 2344 1149 2353 ,

168 2391 284 2448 Invitos
311 2391 350 2449 ad
378 2391 587 2468 accipiendum
616 2392 809 2468 compellere,
832 2391 913 2469 quod
937 2390 1072 2448 fortassis
1145 2362 1149 2403 ἶ

167 2500 238 2572 ipsis
263 2500 393 2554 otiosum
415 2496 551 2554 futurum
566 2501 616 2569 sit,
631 2517 692 2554 non
707 2505 754 2554 est
768 2517 806 2554 ex
820 2500 935 2554 iustitia
954 2504 1072 2567 nostro·

168 2621 235 2658 rum
249 2609 430 2678 temporum.

200 2755 207 2786 ¹
227 2756 356 2806 duodenis
367 2757 471 2807 assibus
487 2759 569 2808 deleri
584 2760 670 2808 uolunt
688 2758 822 2809 Εηιωιὴιε
833 2766 855 2808 ct
867 2759 970 2819 Horti,
986 2761 1073 2810 usuris

167 2820 271 2870 assibus
282 2821 427 2872 Salmasius
437 2829 460 2872 ei
473 2823 624 2874 Grmioviua

316 2915 435 2922 ...κ-

201 2959 215 2983 ⁶
232 2951 287 3001 The
299 2967 391 3002 reason
404 2953 466 3018 why
483 2954 549 3020 they
566 2955 613 3005 did
631 2961 679 3006 not
699 2956 793 3009 choose
811 2962 840 3006 to
859 2957 962 3007 borrow
982 2957 1010 3007 oi
1027 2958 1073 3008 the
