2438 3790
391 357 480 414 THE
509 356 692 415 LETTERS
720 357 775 414 OF
803 356 929 413 PLlNY

210 521 327 573 centies
361 520 561 592 quinquagies
589 519 673 573 cuius
701 515 815 573 honore
843 523 1006 573 contentus
1034 515 1113 573 fuit)

213 614 320 671 Postea
334 613 408 670 mihi
423 617 519 670 visum
534 622 582 671 est
596 617 728 690 pretium
742 633 852 689 operae
870 618 969 690 ipsum
991 621 1115 671 senatus

210 712 381 770 consultum
404 732 558 789 quaerere.
603 712 709 769 Inveni
729 720 793 769 tam
811 716 965 788 copiosum
987 720 1019 769 et
1040 712 1113 769 effu·
1197 717 1198 720 ’

211 831 287 880 sum,
323 818 358 867 ut
385 809 437 867 ille
465 811 695 886 superbissimus
722 809 830 866 titulus
857 809 993 867 modicus
1020 818 1113 888 atque

211 913 303 966 etiam
318 909 465 966 demissus
480 909 641 966 videretur.
685 907 850 965 Conferant
865 928 896 965 se
912 928 972 964 non
987 908 1055 965 dico
1068 909 1114 965 illi

211 1014 330 1064 veteres
345 1005 490 1077 Africani,
506 1005 640 1077 Achaici,
657 1007 846 1078 Numantini,
862 1007 915 1064 sed
930 1006 961 1062 hi
975 1011 1113 1082 proximi,

212 1105 310 1175 Marii,
332 1104 443 1175 Sullae,
466 1105 610 1181 Pompeii,
633 1105 704 1162 nolo
718 1105 859 1182 progredi
873 1105 1011 1180 longius3
1035 1104 1115 1162 infra

213 1187 356 1262 Pallantis
369 1203 474 1261 laudes
487 1205 639 1261 iacebunt.

252 1302 400 1372 UrbanoS,
422 1306 474 1379 qui
494 1302 546 1358 illa
567 1310 761 1372 censuerunt,
783 1310 890 1379 putem
908 1322 947 1358 an
968 1303 1115 1360 miseros?

211 1399 353 1457 Dicerem
387 1401 527 1471 urbanos,
563 1404 587 1456 si
623 1408 762 1457 senatum
791 1400 916 1458 deceret
950 1402 1114 1472 urbanitas,

210 1503 333 1556 miseros
357 1498 411 1556 sed
440 1518 530 1554 nemo
557 1507 619 1556 tam
648 1501 739 1555 miser
767 1506 823 1569 est,
848 1506 883 1555 ut
905 1498 956 1554 illa
978 1506 1113 1576 cogatur.

211 1595 346 1653 Ambitio
368 1616 441 1672 ergo
456 1604 488 1653 et
502 1595 688 1672 procedendi
709 1596 825 1653 libido?
868 1595 929 1654 Sed
950 1600 1016 1673 quis
1036 1596 1115 1654 adeo

210 1694 346 1764 demens,
369 1702 404 1751 ut
426 1714 481 1770 per
503 1715 599 1765 suum,
628 1714 683 1771 per
711 1694 866 1770 publicum
887 1693 1021 1752 dedecus
1045 1714 1114 1770 pro-

210 1792 319 1849 cedere
344 1793 418 1850 velit
446 1797 478 1848 in
506 1813 542 1850 ea
569 1796 702 1862 civitate,
726 1797 759 1848 in
781 1812 841 1869 qua
863 1791 913 1849 hic
937 1799 1018 1849 esset
1042 1811 1115 1850 usus

209 1888 436 1947 florentissimae
455 1889 624 1966 dignitatiS,
637 1897 673 1947 ut
687 1894 801 1966 primus
814 1893 846 1946 in
861 1897 968 1948 senatu
989 1889 1114 1946 laudare

211 1987 379 2045 Pallantem
393 1991 516 2064 posset?

250 2087 379 2157 Omitto,
401 2086 481 2162 quod
505 2086 634 2144 Pallanti
656 2106 742 2162 servo
764 2090 913 2162 praetoria
935 2093 1115 2143 ornamenta

209 2183 376 2241 offeruntur
399 2186 523 2260 (quippe
544 2185 711 2242 offeruntur
733 2206 750 2241 a
773 2185 889 2259 servis),
909 2189 1009 2254 mitto,
1031 2183 1114 2260 quod

210 2289 337 2339 censent
356 2303 417 2338 non
437 2282 658 2340 exhortandum
677 2282 776 2354 modo,
796 2302 901 2340 verum
921 2287 1012 2340 etiam
1032 2302 1113 2338 eom-

208 2380 386 2455 pellendum
407 2381 445 2437 ad
464 2401 552 2438 usum
572 2401 731 2438 aureorum
751 2381 909 2439 anulorum
932 2383 1010 2458 (erat
1031 2384 1113 2438 enim

210 2485 315 2534 contra
348 2483 539 2536 maiestatem
574 2487 707 2550 senatuS,
743 2483 767 2536 si
803 2479 909 2537 ferreis
945 2483 1113 2556 praetorius

209 2576 359 2651 uteretur)
374 2595 381 2644 ;
402 2576 480 2632 levia
494 2576 570 2634 haee
585 2584 618 2633 et
631 2576 826 2648 transeunda,
841 2577 893 2634 illa
906 2577 1112 2648 memoranda,

209 2674 290 2750 quod
306 2679 445 2732 ‘nomine
462 2673 605 2732 Pallantis
620 2675 760 2732 senatus’
778 2677 847 2752 (nec
866 2681 987 2753 expiata
1006 2685 1113 2754 postea

209 2777 290 2829 curia
318 2773 388 2848 est),
417 2773 580 2831 ‘Pallantis
608 2770 731 2830 nomine
757 2782 879 2832 senatus
907 2779 1019 2852 gratias
1047 2781 1112 2853 agit

162 2864 164 2868 ’
209 2868 337 2940 Caesari,
352 2871 433 2946 quod
448 2875 558 2947 etipse
573 2891 642 2927 cum
657 2891 773 2928 summo
787 2872 901 2929 honore
922 2877 1111 2930 mentionem

209 2971 272 3025 eius
295 2977 471 3043 prosecutus
494 2977 574 3026 esset
596 2976 629 3025 et
651 2974 770 3027 senatui
790 2970 967 3028 facultatem
989 2971 1113 3030 fecisset

240 3144 257 3247 Ξ
270 3135 459 3261 Τὴιίξῗιιιίἕεῖῐ
471 3137 622 3200 equestrian
635 3137 709 3196 rank,
723 3154 752 3188 aa
760 3154 792 3188 an
803 3139 860 3188 iron
869 3155 919 3189 oue
931 3156 984 3189 was
996 3119 1111 3190 ofservi·

209 3211 238 3247 tu
259 3216 280 3249 e.
330 3215 338 3248 l
360 3216 418 3248 em.

212 3309 268 3363 104
