<?xml version="1.0" encoding="UTF-8"?>
<!DOCTYPE html PUBLIC "-//W3C//DTD XHTML 1.0 Transitional//EN"
    "http://www.w3.org/TR/xhtml1/DTD/xhtml1-transitional.dtd">
<html xmlns="http://www.w3.org/1999/xhtml" xml:lang="en" lang="en">
 <head>
  <title>
</title>
<meta http-equiv="Content-Type" content="text/html;charset=utf-8" />
  <meta name='ocr-system' content='tesseract 3.04.00' />
  <meta name='ocr-capabilities' content='ocr_page ocr_carea ocr_par ocr_line ocrx_word'/>
</head>
<body>
  <div class='ocr_page' id='page_1' title='image "./letters00hutcgoog_0057.png"; bbox 0 0 2354 3802; ppageno 0'>
   <div class='ocr_carea' id='block_1_1' title="bbox 349 389 887 450">
    <p class='ocr_par' dir='ltr' id='par_1_1' title="bbox 349 389 887 450">
     <span class='ocr_line' id='line_1_1' title="bbox 349 389 887 450; baseline -0.002 -2"><span class='ocrx_word' id='word_1_1' title='bbox 349 389 438 449; x_wconf 87' lang='lat' dir='ltr'><strong>THE</strong></span> <span class='ocrx_word' id='word_1_2' title='bbox 467 389 649 450; x_wconf 85' lang='lat' dir='ltr'>LETTERS</span> <span class='ocrx_word' id='word_1_3' title='bbox 678 391 732 448; x_wconf 86' lang='lat' dir='ltr'><strong>OF</strong></span> <span class='ocrx_word' id='word_1_4' title='bbox 762 390 887 449; x_wconf 90' lang='lat' dir='ltr'>PLINY</span> 
     </span>
    </p>
   </div>
   <div class='ocr_carea' id='block_1_2' title="bbox 166 549 1074 1497">
    <p class='ocr_par' dir='ltr' id='par_1_2' title="bbox 166 549 1074 1497">
     <span class='ocr_line' id='line_1_2' title="bbox 166 549 1072 630; baseline 0 -22"><span class='ocrx_word' id='word_1_5' title='bbox 166 549 297 630; x_wconf 87' lang='lat' dir='ltr'><strong>adfinis),</strong></span> <span class='ocrx_word' id='word_1_6' title='bbox 306 550 418 608; x_wconf 90' lang='lat' dir='ltr'><strong>deinde</strong></span> <span class='ocrx_word' id='word_1_7' title='bbox 428 555 520 608; x_wconf 90' lang='lat' dir='ltr'><strong>etiarn</strong></span> <span class='ocrx_word' id='word_1_8' title='bbox 535 571 573 608; x_wconf 86' lang='lat' dir='ltr'><strong>ex</strong></span> <span class='ocrx_word' id='word_1_9' title='bbox 588 555 769 608; x_wconf 87' lang='lat' dir='ltr'><strong>auctoritate</strong></span> <span class='ocrx_word' id='word_1_10' title='bbox 783 550 969 627; x_wconf 87' lang='lat' dir='ltr'><strong>pontificum.</strong></span> <span class='ocrx_word' id='word_1_11' title='bbox 994 551 1072 608; x_wconf 86' lang='lat' dir='ltr'><strong>Nam</strong></span> 
     </span>
     <span class='ocr_line' id='line_1_3' title="bbox 167 674 1072 752; baseline 0 -20"><span class='ocrx_word' id='word_1_12' title='bbox 167 679 308 752; x_wconf 67' lang='lat' dir='ltr'><strong>virgines</strong></span> <span class='ocrx_word' id='word_1_13' title='bbox 324 695 392 732; x_wconf 87' lang='lat' dir='ltr'><strong>cum</strong></span> <span class='ocrx_word' id='word_1_14' title='bbox 416 678 443 730; x_wconf 93' lang='lat' dir='ltr'><strong>vi</strong></span> <span class='ocrx_word' id='word_1_15' title='bbox 467 675 563 731; x_wconf 86' lang='lat' dir='ltr'>morbi</span> <span class='ocrx_word' id='word_1_16' title='bbox 586 678 662 731; x_wconf 86' lang='lat' dir='ltr'><strong>atrio</strong></span> <span class='ocrx_word' id='word_1_17' title='bbox 685 674 796 732; x_wconf 80' lang='lat' dir='ltr'><strong>Vestae</strong></span> <span class='ocrx_word' id='word_1_18' title='bbox 811 683 962 750; x_wconf 88' lang='lat' dir='ltr'><strong>coguntur</strong></span> <span class='ocrx_word' id='word_1_19' title='bbox 984 695 1072 732; x_wconf 85' lang='lat' dir='ltr'><strong>exce-</strong></span> 
     </span>
     <span class='ocr_line' id='line_1_4' title="bbox 167 799 1070 877; baseline 0 -21"><span class='ocrx_word' id='word_1_20' title='bbox 167 799 252 870; x_wconf 86' lang='lat' dir='ltr'>dere,</span> <span class='ocrx_word' id='word_1_21' title='bbox 273 806 478 856; x_wconf 84' lang='lat' dir='ltr'><strong>matronarum</strong></span> <span class='ocrx_word' id='word_1_22' title='bbox 513 818 602 856; x_wconf 83' lang='lat' dir='ltr'><strong>curae</strong></span> <span class='ocrx_word' id='word_1_23' title='bbox 630 799 846 877; x_wconf 82' lang='lat' dir='ltr'>custodiaeque</span> <span class='ocrx_word' id='word_1_24' title='bbox 879 799 1070 856; x_wconf 83' lang='lat' dir='ltr'>mandantur.</span> 
     </span>
     <span class='ocr_line' id='line_1_5' title="bbox 167 922 1071 999; baseline 0 -20"><span class='ocrx_word' id='word_1_25' title='bbox 167 922 237 994; x_wconf 85' lang='lat' dir='ltr'><strong>Quo</strong></span> <span class='ocrx_word' id='word_1_26' title='bbox 256 943 382 980; x_wconf 90' lang='lat' dir='ltr'><strong>munere</strong></span> <span class='ocrx_word' id='word_1_27' title='bbox 403 923 516 978; x_wconf 86' lang='lat' dir='ltr'><strong>Fannia</strong></span> <span class='ocrx_word' id='word_1_28' title='bbox 538 922 611 979; x_wconf 89' lang='lat' dir='ltr'><strong>dum</strong></span> <span class='ocrx_word' id='word_1_29' title='bbox 636 922 742 979; x_wconf 93' lang='lat' dir='ltr'><strong>sedulo</strong></span> <span class='ocrx_word' id='word_1_30' title='bbox 767 922 914 999; x_wconf 87' lang='lat' dir='ltr'><strong>fungitur,</strong></span> <span class='ocrx_word' id='word_1_31' title='bbox 935 923 993 980; x_wconf 86' lang='lat' dir='ltr'><strong>hoc</strong></span> <span class='ocrx_word' id='word_1_32' title='bbox 1012 923 1071 979; x_wconf 91' lang='lat' dir='ltr'><strong>dis·</strong></span> 
     </span>
     <span class='ocr_line' id='line_1_6' title="bbox 167 1045 1074 1122; baseline 0.001 -21"><span class='ocrx_word' id='word_1_33' title='bbox 167 1050 292 1104; x_wconf 90' lang='lat' dir='ltr'><strong>crimine</strong></span> <span class='ocrx_word' id='word_1_34' title='bbox 314 1045 461 1122; x_wconf 84' lang='lat' dir='ltr'><strong>implicita</strong></span> <span class='ocrx_word' id='word_1_35' title='bbox 480 1055 534 1104; x_wconf 87' lang='lat' dir='ltr'><strong>est.</strong></span> <span class='ocrx_word' id='word_1_36' title='bbox 579 1045 719 1103; x_wconf 84' lang='lat' dir='ltr'>Insident</span> <span class='ocrx_word' id='word_1_37' title='bbox 733 1046 843 1117; x_wconf 86' lang='lat' dir='ltr'>febres,</span> <span class='ocrx_word' id='word_1_38' title='bbox 857 1050 947 1104; x_wconf 90' lang='lat' dir='ltr'><strong>tussis</strong></span> <span class='ocrx_word' id='word_1_39' title='bbox 961 1050 1074 1103; x_wconf 88' lang='lat' dir='ltr'><strong>incres-</strong></span> 
     </span>
     <span class='ocr_line' id='line_1_7' title="bbox 169 1169 1073 1242; baseline -0.001 -16"><span class='ocrx_word' id='word_1_40' title='bbox 169 1175 220 1242; x_wconf 85' lang='lat' dir='ltr'>cit,</span> <span class='ocrx_word' id='word_1_41' title='bbox 236 1191 352 1228; x_wconf 90' lang='lat' dir='ltr'><strong>summa</strong></span> <span class='ocrx_word' id='word_1_42' title='bbox 366 1175 489 1242; x_wconf 76' lang='lat' dir='ltr'><strong>macieS,</strong></span> <span class='ocrx_word' id='word_1_43' title='bbox 505 1190 622 1228; x_wconf 86' lang='lat' dir='ltr'><strong>summa</strong></span> <span class='ocrx_word' id='word_1_44' title='bbox 639 1169 793 1236; x_wconf 81' lang='lat' dir='ltr'><strong>defectio:</strong></span> <span class='ocrx_word' id='word_1_45' title='bbox 814 1174 933 1227; x_wconf 90' lang='lat' dir='ltr'><strong>animus</strong></span> <span class='ocrx_word' id='word_1_46' title='bbox 950 1177 1073 1227; x_wconf 84' lang='lat' dir='ltr'><strong>tautum</strong></span> 
     </span>
     <span class='ocr_line' id='line_1_8' title="bbox 168 1293 1074 1372; baseline -0.001 -21"><span class='ocrx_word' id='word_1_47' title='bbox 168 1304 201 1353; x_wconf 92' lang='lat' dir='ltr'><strong>et</strong></span> <span class='ocrx_word' id='word_1_48' title='bbox 227 1299 350 1372; x_wconf 91' lang='lat' dir='ltr'><strong>spiritus</strong></span> <span class='ocrx_word' id='word_1_49' title='bbox 378 1299 462 1371; x_wconf 87' lang='lat' dir='ltr'><strong>viget</strong></span> <span class='ocrx_word' id='word_1_50' title='bbox 492 1295 638 1352; x_wconf 90' lang='lat' dir='ltr'><strong>Helvidio</strong></span> <span class='ocrx_word' id='word_1_51' title='bbox 667 1297 786 1365; x_wconf 87' lang='lat' dir='ltr'><strong>marito,</strong></span> <span class='ocrx_word' id='word_1_52' title='bbox 818 1293 951 1350; x_wconf 83' lang='lat' dir='ltr'>Thrasea</span> <span class='ocrx_word' id='word_1_53' title='bbox 986 1301 1074 1369; x_wconf 86' lang='lat' dir='ltr'><strong>patre</strong></span> 
     </span>
     <span class='ocr_line' id='line_1_9' title="bbox 168 1418 1073 1497; baseline 0 -22"><span class='ocrx_word' id='word_1_54' title='bbox 168 1419 372 1496; x_wconf 65' lang='lat' dir='ltr'><strong>dignissimus</strong></span> <span class='ocrx_word' id='word_1_55' title='bbox 410 1419 525 1496; x_wconf 82' lang='lat' dir='ltr'><strong>reliqua</strong></span> <span class='ocrx_word' id='word_1_56' title='bbox 560 1418 705 1476; x_wconf 89' lang='lat' dir='ltr'><strong>labuntur</strong></span> <span class='ocrx_word' id='word_1_57' title='bbox 738 1438 849 1497; x_wconf 90' lang='lat' dir='ltr'><strong>meque</strong></span> <span class='ocrx_word' id='word_1_58' title='bbox 883 1438 945 1474; x_wconf 91' lang='lat' dir='ltr'><strong>non</strong></span> <span class='ocrx_word' id='word_1_59' title='bbox 987 1425 1073 1475; x_wconf 90' lang='lat' dir='ltr'><strong>metu</strong></span> 
     </span>
    </p>
   </div>
   <div class='ocr_carea' id='block_1_3' title="bbox 167 1542 1072 1614">
    <p class='ocr_par' dir='ltr' id='par_1_3' title="bbox 167 1542 1072 1614">
     <span class='ocr_line' id='line_1_10' title="bbox 167 1542 1072 1614; baseline -0.002 -14"><span class='ocrx_word' id='word_1_60' title='bbox 167 1551 298 1614; x_wconf 90' lang='lat' dir='ltr'><strong>tantum,</strong></span> <span class='ocrx_word' id='word_1_61' title='bbox 313 1563 417 1600; x_wconf 91' lang='lat' dir='ltr'><strong>verum</strong></span> <span class='ocrx_word' id='word_1_62' title='bbox 433 1547 525 1600; x_wconf 87' lang='lat' dir='ltr'><strong>etiam</strong></span> <span class='ocrx_word' id='word_1_63' title='bbox 539 1543 643 1602; x_wconf 88' lang='lat' dir='ltr'><strong>dolore</strong></span> <span class='ocrx_word' id='word_1_64' title='bbox 658 1542 830 1600; x_wconf 81' lang='lat' dir='ltr'><strong>conficiunt.</strong></span> <span class='ocrx_word' id='word_1_65' title='bbox 875 1542 974 1599; x_wconf 90' lang='lat' dir='ltr'><strong>Doleo</strong></span> <span class='ocrx_word' id='word_1_66' title='bbox 989 1546 1072 1598; x_wconf 91' lang='lat' dir='ltr'><strong>enirn</strong></span> 
     </span>
    </p>
   </div>
   <div class='ocr_carea' id='block_1_4' title="bbox 167 1667 1176 1744">
    <p class='ocr_par' dir='ltr' id='par_1_4' title="bbox 167 1667 1176 1744">
     <span class='ocr_line' id='line_1_11' title="bbox 167 1667 1176 1744; baseline -0.002 -20"><span class='ocrx_word' id='word_1_67' title='bbox 167 1671 329 1724; x_wconf 83' lang='lat' dir='ltr'><strong>maximam</strong></span> <span class='ocrx_word' id='word_1_68' title='bbox 351 1667 496 1725; x_wconf 89' lang='lat' dir='ltr'><strong>feminam</strong></span> <span class='ocrx_word' id='word_1_69' title='bbox 521 1672 596 1744; x_wconf 92' lang='lat' dir='ltr'><strong>eripi</strong></span> <span class='ocrx_word' id='word_1_70' title='bbox 629 1668 723 1725; x_wconf 89' lang='lat' dir='ltr'><strong>oculis</strong></span> <span class='ocrx_word' id='word_1_71' title='bbox 747 1670 877 1726; x_wconf 86' lang='lat' dir='ltr'><strong>civitatis</strong></span> <span class='ocrx_word' id='word_1_72' title='bbox 905 1671 1008 1724; x_wconf 88' lang='lat' dir='ltr'><strong>nescio</strong></span> <span class='ocrx_word' id='word_1_73' title='bbox 1035 1687 1075 1722; x_wconf 90' lang='lat' dir='ltr'><strong>an</strong></span> <span class='ocrx_word' id='word_1_74' title='bbox 1175 1727 1176 1742; x_wconf 14' lang='grc' dir='ltr'><strong>χ</strong></span> 
     </span>
    </p>
   </div>
   <div class='ocr_carea' id='block_1_5' title="bbox 168 1792 1077 2365">
    <p class='ocr_par' dir='ltr' id='par_1_5' title="bbox 168 1792 522 1870">
     <span class='ocr_line' id='line_1_12' title="bbox 168 1792 522 1870; baseline -0.003 -20"><span class='ocrx_word' id='word_1_75' title='bbox 168 1792 281 1870; x_wconf 88' lang='lat' dir='ltr'><strong>aliquid</strong></span> <span class='ocrx_word' id='word_1_76' title='bbox 296 1793 394 1850; x_wconf 89' lang='lat' dir='ltr'><strong>simile</strong></span> <span class='ocrx_word' id='word_1_77' title='bbox 408 1797 522 1850; x_wconf 83' lang='lat' dir='ltr'><strong>visuris</strong></span> 
     </span>
    </p>

    <p class='ocr_par' dir='ltr' id='par_1_6' title="bbox 169 1916 1077 2365">
     <span class='ocr_line' id='line_1_13' title="bbox 209 1916 1077 1994; baseline 0.001 -21"><span class='ocrx_word' id='word_1_78' title='bbox 209 1917 296 1989; x_wconf 85' lang='lat' dir='ltr'><strong>Quae</strong></span> <span class='ocrx_word' id='word_1_79' title='bbox 310 1921 432 1975; x_wconf 87' lang='lat' dir='ltr'><strong>castitas</strong></span> <span class='ocrx_word' id='word_1_80' title='bbox 456 1916 509 1987; x_wconf 90' lang='lat' dir='ltr'><strong>illi,</strong></span> <span class='ocrx_word' id='word_1_81' title='bbox 534 1936 611 1994; x_wconf 92' lang='lat' dir='ltr'><strong>quae</strong></span> <span class='ocrx_word' id='word_1_82' title='bbox 632 1920 786 1987; x_wconf 65' lang='lat' dir='ltr'><strong>sauctitas</strong></span> <span class='ocrx_word' id='word_1_83' title='bbox 800 1923 913 1994; x_wconf 82' lang='lat' dir='ltr'><strong>quanta</strong></span> <span class='ocrx_word' id='word_1_84' title='bbox 934 1919 1077 1992; x_wconf 61' lang='lat' dir='ltr'><strong>gravitas</strong></span> 
     </span>
     <span class='ocr_line' id='line_1_14' title="bbox 169 2038 1076 2117; baseline -0.003 -20"><span class='ocrx_word' id='word_1_85' title='bbox 169 2048 283 2117; x_wconf 86' lang='lat' dir='ltr'><strong>quanta</strong></span> <span class='ocrx_word' id='word_1_86' title='bbox 296 2041 486 2098; x_wconf 85' lang='lat' dir='ltr'><strong>constantia!</strong></span> <span class='ocrx_word' id='word_1_87' title='bbox 528 2039 578 2096; x_wconf 89' lang='lat' dir='ltr'><strong>Bis</strong></span> <span class='ocrx_word' id='word_1_88' title='bbox 593 2044 734 2097; x_wconf 89' lang='lat' dir='ltr'><strong>maritum</strong></span> <span class='ocrx_word' id='word_1_89' title='bbox 757 2046 861 2096; x_wconf 88' lang='lat' dir='ltr'><strong>secuta</strong></span> <span class='ocrx_word' id='word_1_90' title='bbox 882 2043 914 2095; x_wconf 92' lang='lat' dir='ltr'><strong>in</strong></span> <span class='ocrx_word' id='word_1_91' title='bbox 936 2038 1076 2096; x_wconf 85' lang='lat' dir='ltr'><strong>exsilium</strong></span> 
     </span>
     <span class='ocr_line' id='line_1_15' title="bbox 169 2163 1075 2240; baseline -0.004 -18"><span class='ocrx_word' id='word_1_92' title='bbox 169 2173 227 2235; x_wconf 85' lang='lat' dir='ltr'><strong>est,</strong></span> <span class='ocrx_word' id='word_1_93' title='bbox 240 2169 333 2222; x_wconf 90' lang='lat' dir='ltr'><strong>tertio</strong></span> <span class='ocrx_word' id='word_1_94' title='bbox 347 2169 411 2240; x_wconf 85' lang='lat' dir='ltr'><strong>ipsa</strong></span> <span class='ocrx_word' id='word_1_95' title='bbox 423 2171 550 2240; x_wconf 91' lang='lat' dir='ltr'><strong>propter</strong></span> <span class='ocrx_word' id='word_1_96' title='bbox 563 2167 705 2221; x_wconf 83' lang='lat' dir='ltr'><strong>maritum</strong></span> <span class='ocrx_word' id='word_1_97' title='bbox 719 2163 862 2239; x_wconf 87' lang='lat' dir='ltr'><strong>relegata.</strong></span> <span class='ocrx_word' id='word_1_98' title='bbox 907 2163 995 2231; x_wconf 88' lang='lat' dir='ltr'><strong>Nam,</strong></span> <span class='ocrx_word' id='word_1_99' title='bbox 1005 2181 1075 2219; x_wconf 91' lang='lat' dir='ltr'><strong>cum</strong></span> 
     </span>
     <span class='ocr_line' id='line_1_16' title="bbox 170 2287 1074 2365; baseline -0.004 -19"><span class='ocrx_word' id='word_1_100' title='bbox 170 2288 298 2346; x_wconf 88' lang='lat' dir='ltr'><strong>Senecio</strong></span> <span class='ocrx_word' id='word_1_101' title='bbox 313 2308 381 2345; x_wconf 90' lang='lat' dir='ltr'><strong>reus</strong></span> <span class='ocrx_word' id='word_1_102' title='bbox 396 2295 486 2358; x_wconf 88' lang='lat' dir='ltr'><strong>esset,</strong></span> <span class='ocrx_word' id='word_1_103' title='bbox 501 2287 581 2365; x_wconf 89' lang='lat' dir='ltr'><strong>quod</strong></span> <span class='ocrx_word' id='word_1_104' title='bbox 597 2287 636 2345; x_wconf 89' lang='lat' dir='ltr'><strong>de</strong></span> <span class='ocrx_word' id='word_1_105' title='bbox 661 2292 723 2345; x_wconf 87' lang='lat' dir='ltr'><strong>vita</strong></span> <span class='ocrx_word' id='word_1_106' title='bbox 738 2287 865 2344; x_wconf 88' lang='lat' dir='ltr'><strong>Helvidi</strong></span> <span class='ocrx_word' id='word_1_107' title='bbox 886 2287 976 2343; x_wconf 90' lang='lat' dir='ltr'><strong>libros</strong></span> <span class='ocrx_word' id='word_1_108' title='bbox 991 2305 1074 2342; x_wconf 92' lang='lat' dir='ltr'><strong>com-</strong></span> 
     </span>
    </p>
   </div>
   <div class='ocr_carea' id='block_1_6' title="bbox 169 2409 1076 2489">
    <p class='ocr_par' dir='ltr' id='par_1_7' title="bbox 169 2409 1076 2489">
     <span class='ocr_line' id='line_1_17' title="bbox 169 2409 1076 2489; baseline -0.002 -20"><span class='ocrx_word' id='word_1_109' title='bbox 169 2416 328 2489; x_wconf 82' lang='lat' dir='ltr'><strong>posuisset,</strong></span> <span class='ocrx_word' id='word_1_110' title='bbox 351 2420 552 2489; x_wconf 82' lang='lat' dir='ltr'><strong>rogatumque</strong></span> <span class='ocrx_word' id='word_1_111' title='bbox 580 2432 612 2470; x_wconf 88' lang='lat' dir='ltr'><strong>se</strong></span> <span class='ocrx_word' id='word_1_112' title='bbox 640 2434 658 2468; x_wconf 87' lang='lat' dir='ltr'><strong>a</strong></span> <span class='ocrx_word' id='word_1_113' title='bbox 687 2411 802 2468; x_wconf 87' lang='lat' dir='ltr'><strong>Fannia</strong></span> <span class='ocrx_word' id='word_1_114' title='bbox 829 2415 859 2468; x_wconf 93' lang='lat' dir='ltr'><strong>in</strong></span> <span class='ocrx_word' id='word_1_115' title='bbox 895 2409 1076 2469; x_wconf 88' lang='lat' dir='ltr'><strong>defensione</strong></span> 
     </span>
    </p>
   </div>
   <div class='ocr_carea' id='block_1_7' title="bbox 169 2534 1075 2612">
    <p class='ocr_par' dir='ltr' id='par_1_8' title="bbox 169 2534 1075 2612">
     <span class='ocr_line' id='line_1_18' title="bbox 169 2534 1075 2612; baseline -0.002 -20"><span class='ocrx_word' id='word_1_116' title='bbox 169 2535 305 2606; x_wconf 83' lang='lat' dir='ltr'><strong>dixisset,</strong></span> <span class='ocrx_word' id='word_1_117' title='bbox 316 2543 484 2612; x_wconf 81' lang='lat' dir='ltr'><strong>quaerente</strong></span> <span class='ocrx_word' id='word_1_118' title='bbox 495 2539 655 2593; x_wconf 85' lang='lat' dir='ltr'><strong>minaciter</strong></span> <span class='ocrx_word' id='word_1_119' title='bbox 665 2535 776 2592; x_wconf 91' lang='lat' dir='ltr'><strong>Mettio</strong></span> <span class='ocrx_word' id='word_1_120' title='bbox 785 2534 871 2605; x_wconf 84' lang='lat' dir='ltr'><strong>Caro,</strong></span> <span class='ocrx_word' id='word_1_121' title='bbox 880 2554 918 2590; x_wconf 87' lang='lat' dir='ltr'><strong>an</strong></span> <span class='ocrx_word' id='word_1_122' title='bbox 927 2541 1075 2608; x_wconf 84' lang='lat' dir='ltr'><strong>rogasset,</strong></span> 
     </span>
    </p>
   </div>
   <div class='ocr_carea' id='block_1_8' title="bbox 169 2657 1075 2982">
    <p class='ocr_par' dir='ltr' id='par_1_9' title="bbox 169 2657 1075 2982">
     <span class='ocr_line' id='line_1_19' title="bbox 169 2657 1075 2736; baseline -0.001 -21"><span class='ocrx_word' id='word_1_123' title='bbox 169 2658 336 2734; x_wconf 89' lang='lat' dir='ltr'><strong>respondit,</strong></span> <span class='ocrx_word' id='word_1_124' title='bbox 350 2659 483 2736; x_wconf 81' lang='lat' dir='ltr'><strong>‘Rogavi</strong></span> <span class='ocrx_word' id='word_1_125' title='bbox 496 2658 521 2727; x_wconf 92' lang='lat'><strong>’;</strong></span> <span class='ocrx_word' id='word_1_126' title='bbox 542 2679 581 2716; x_wconf 88' lang='lat' dir='ltr'><strong>an</strong></span> <span class='ocrx_word' id='word_1_127' title='bbox 603 2663 834 2716; x_wconf 84' lang='lat' dir='ltr'><strong>commentarios</strong></span> <span class='ocrx_word' id='word_1_128' title='bbox 854 2662 1004 2734; x_wconf 88' lang='lat' dir='ltr'><strong>scripturo</strong></span> <span class='ocrx_word' id='word_1_129' title='bbox 1021 2657 1075 2715; x_wconf 89' lang='lat' dir='ltr'><strong>de-</strong></span> 
     </span>
     <span class='ocr_line' id='line_1_20' title="bbox 169 2781 1073 2850; baseline 0 -11"><span class='ocrx_word' id='word_1_130' title='bbox 169 2782 286 2840; x_wconf 89' lang='lat' dir='ltr'><strong>disset:</strong></span> <span class='ocrx_word' id='word_1_131' title='bbox 322 2781 460 2850; x_wconf 91' lang='lat' dir='ltr'><strong>‘Dedi’;</strong></span> <span class='ocrx_word' id='word_1_132' title='bbox 491 2803 530 2838; x_wconf 89' lang='lat' dir='ltr'><strong>an</strong></span> <span class='ocrx_word' id='word_1_133' title='bbox 559 2786 676 2840; x_wconf 87' lang='lat' dir='ltr'><strong>sciente</strong></span> <span class='ocrx_word' id='word_1_134' title='bbox 703 2790 819 2839; x_wconf 84' lang='lat' dir='ltr'><strong>matre:</strong></span> <span class='ocrx_word' id='word_1_135' title='bbox 849 2781 1073 2849; x_wconf 77' lang='lat' dir='ltr'><strong>‘Nesciente&#39;3</strong></span> 
     </span>
     <span class='ocr_line' id='line_1_21' title="bbox 169 2904 1074 2982; baseline -0.001 -20"><span class='ocrx_word' id='word_1_136' title='bbox 169 2914 323 2982; x_wconf 90' lang='lat' dir='ltr'><strong>postremo</strong></span> <span class='ocrx_word' id='word_1_137' title='bbox 346 2905 461 2962; x_wconf 79' lang='lat' dir='ltr'><strong>nullam</strong></span> <span class='ocrx_word' id='word_1_138' title='bbox 486 2926 591 2964; x_wconf 88' lang='lat' dir='ltr'><strong>vocem</strong></span> <span class='ocrx_word' id='word_1_139' title='bbox 616 2905 778 2963; x_wconf 85' lang='lat' dir='ltr'><strong>cedentem</strong></span> <span class='ocrx_word' id='word_1_140' title='bbox 803 2904 937 2981; x_wconf 89' lang='lat' dir='ltr'><strong>periculo</strong></span> <span class='ocrx_word' id='word_1_141' title='bbox 962 2907 1074 2962; x_wconf 89' lang='lat' dir='ltr'><strong>emisit.</strong></span> 
     </span>
    </p>
   </div>
   <div class='ocr_carea' id='block_1_9' title="bbox 170 3028 1077 3107">
    <p class='ocr_par' dir='ltr' id='par_1_10' title="bbox 170 3028 1077 3107">
     <span class='ocr_line' id='line_1_22' title="bbox 170 3028 1077 3107; baseline 0.001 -21"><span class='ocrx_word' id='word_1_142' title='bbox 170 3028 253 3100; x_wconf 87' lang='lat' dir='ltr'><strong>Quin</strong></span> <span class='ocrx_word' id='word_1_143' title='bbox 274 3033 367 3086; x_wconf 87' lang='lat' dir='ltr'><strong>etiam</strong></span> <span class='ocrx_word' id='word_1_144' title='bbox 383 3029 451 3086; x_wconf 90' lang='lat' dir='ltr'><strong>illos</strong></span> <span class='ocrx_word' id='word_1_145' title='bbox 469 3033 549 3105; x_wconf 90' lang='lat' dir='ltr'><strong>ipsos</strong></span> <span class='ocrx_word' id='word_1_146' title='bbox 570 3029 671 3102; x_wconf 90' lang='lat' dir='ltr'><strong>libros,</strong></span> <span class='ocrx_word' id='word_1_147' title='bbox 685 3050 867 3107; x_wconf 89' lang='lat' dir='ltr'><strong>quamquam</strong></span> <span class='ocrx_word' id='word_1_148' title='bbox 889 3049 927 3086; x_wconf 84' lang='lat' dir='ltr'><strong>ex</strong></span> <span class='ocrx_word' id='word_1_149' title='bbox 944 3034 1077 3087; x_wconf 89' lang='lat' dir='ltr'><strong>necessi-</strong></span> 
     </span>
    </p>
   </div>
   <div class='ocr_carea' id='block_1_10' title="bbox 170 3237 1023 3401">
    <p class='ocr_par' dir='ltr' id='par_1_11' title="bbox 170 3237 1023 3401">
     <span class='ocr_line' id='line_1_23' title="bbox 212 3237 1023 3305; baseline 0.002 -16"><span class='ocrx_word' id='word_1_150' title='bbox 212 3247 225 3270; x_wconf 74' lang='lat'>⁶</span> <span class='ocrx_word' id='word_1_151' title='bbox 241 3238 298 3289; x_wconf 82' lang='lat' dir='ltr'><strong>Tha</strong></span> <span class='ocrx_word' id='word_1_152' title='bbox 311 3239 391 3288; x_wconf 85' lang='lat' dir='ltr'><strong>house</strong></span> <span class='ocrx_word' id='word_1_153' title='bbox 403 3237 539 3303; x_wconf 84' lang='lat' dir='ltr'><strong>adjoining</strong></span> <span class='ocrx_word' id='word_1_154' title='bbox 551 3238 599 3288; x_wconf 89' lang='lat' dir='ltr'><strong>her</strong></span> <span class='ocrx_word' id='word_1_155' title='bbox 610 3240 717 3304; x_wconf 83' lang='lat' dir='ltr'><strong>templa,</strong></span> <span class='ocrx_word' id='word_1_156' title='bbox 731 3239 819 3290; x_wconf 84' lang='lat' dir='ltr'><strong>where</strong></span> <span class='ocrx_word' id='word_1_157' title='bbox 831 3240 897 3305; x_wconf 82' lang='lat' dir='ltr'><strong>they</strong></span> <span class='ocrx_word' id='word_1_158' title='bbox 908 3239 1023 3291; x_wconf 85' lang='lat' dir='ltr'><strong>reaidad.</strong></span> 
     </span>
     <span class='ocr_line' id='line_1_24' title="bbox 170 3333 208 3401; baseline 0 -14"><span class='ocrx_word' id='word_1_159' title='bbox 170 3333 208 3401; x_wconf 81' lang='lat'><strong>48</strong></span> 
     </span>
    </p>
   </div>
   <div class='ocr_carea' id='block_1_11' title="bbox 0 112 1187 3802">
    <p class='ocr_par' dir='ltr' id='par_1_12' title="bbox 0 112 1187 3802">
     <span class='ocr_line' id='line_1_25' title="bbox 0 112 1187 3802; baseline 0 0"><span class='ocrx_word' id='word_1_160' title='bbox 0 112 1187 3802; x_wconf 95' lang='lat' dir='ltr'><strong> </strong></span> 
     </span>
    </p>
   </div>
  </div>
 </body>
</html>
