2352 3802
372 378 461 435 THE
490 379 674 437 LETrERs
704 380 759 438 OF
783 379 910 437 PLINY

610 609 666 668 XV

372 753 402 810 C.
428 753 548 812 Pnruus
562 753 700 811 Tannum
722 754 910 810 Inenaarom

230 890 311 961 Qum
333 890 460 961 confido,
482 890 616 962 domine,
637 890 676 947 ad
697 911 800 948 curam
821 900 906 949 tuam
929 897 1098 968 pertinere,

189 1018 297 1070 nuntio
325 1015 381 1071 tibi
409 1033 458 1071 me
487 1013 643 1090 Ephesum
671 1033 741 1071 cum
768 1015 907 1072 omnibus
935 1020 1012 1073 meis
1028 1017 1099 1093 ὕπὲῤ

190 1139 310 1198 Μαλέαν
318 1142 481 1214 navigasse.
517 1137 662 1210 Quamvis
670 1143 827 1196 contrariis
836 1142 935 1197 ventis
945 1147 1096 1211 retentus,

189 1282 271 1320 nunc
286 1261 406 1320 destino
420 1265 530 1338 partim
545 1265 647 1318 orariis
667 1262 804 1333 navibus,
818 1266 928 1338 partim
949 1262 1097 1320 vehiculis

190 1389 373 1463 provinciam
387 1393 501 1461 petere.
545 1384 624 1441 Nam
639 1388 717 1442 sicut
738 1388 840 1441 itineri
855 1405 962 1460 graves
983 1393 1095 1456 aestus,

190 1517 233 1572 ita
247 1518 408 1572 continuae
423 1516 609 1590 navigationi
624 1517 737 1572 etesiae
752 1512 949 1570 reluctantur.

604 1777 678 1834 XVI

500 1908 656 1966 Tauranus
681 1908 783 1966 Primo

232 2041 331 2097 chra
345 2043 536 2110 renuntiasti,
550 2042 593 2097 mi
606 2037 746 2096 Secunde
761 2041 919 2096 carissime.
957 2039 1097 2097 Pertinet

190 2151 272 2206 enim
286 2147 325 2204 ad
338 2151 472 2203 animum
493 2165 605 2216 meum,
620 2145 701 2222 quali
714 2130 824 2202 itinere
838 2143 889 2202 inl
910 2149 1096 2220 provinciam

189 2258 354 2331 pervenias.
414 2252 585 2310 Prudenter
625 2260 728 2310 autem
770 2256 929 2309 constituis
971 2256 1095 2310 interim

190 2362 324 2432 navibus,
339 2365 461 2418 interim
476 2359 623 2418 vehiculis
638 2364 693 2431 uti,
707 2368 798 2436 prout
811 2359 877 2416 loca
891 2363 1051 2419 suaserint.

580 2592 670 2650 XVII
681 2611 698 2647 Α

365 2726 396 2782 C.
421 2725 541 2782 Psnuus
563 2725 701 2782 Tuamuo
724 2724 912 2780 luennaronr

230 2858 321 2916 Sicur
342 2857 568 2915 saluberrimam
590 2861 826 2933 navigationem,
839 2856 974 2927 domine,
998 2878 1095 2936 usque

190 2964 346 3041 Ephesum
359 2972 502 3040 expertus
523 2967 566 3020 ita
588 2962 670 3031 inde,
684 2969 845 3038 postquam
867 2961 1014 3019 vehiculis
1037 2968 1095 3020 iter

189 3071 289 3129 facere
311 3075 406 3148 coepi,
423 3075 605 3148 gravissimis
621 3070 755 3127 aestibus
775 3076 868 3145 atque
890 3073 983 3127 etiam
1004 3068 1096 3128 febri-

535 3225 544 3258 ¹
562 3228 589 3276 in
600 3227 662 3276 aad.
679 3224 748 3276 Oat2.

192 3323 249 3395 296
