2438 3790
397 371 486 428 THE
514 370 697 430 LETTERS
726 373 780 430 OF
810 371 936 430 PLINY

213 539 294 588 mata
309 539 342 588 et
356 529 468 587 habere
483 535 633 606 propriam
655 531 780 606 liguram
800 551 974 608 numenque
996 531 1116 609 aliquod
1202 501 1203 542 l

212 675 302 744 putes
325 687 364 723 an
387 671 487 723 inania
512 675 545 724 et
568 687 702 734 vanaex
727 675 812 724 metu
835 675 939 724 nostro
954 671 1117 743 imaginem

210 809 356 880 accipere.

252 942 318 1018 Ego
340 949 374 998 ut
402 961 467 999 esse
495 941 627 1012 credam,
651 945 683 997 in
712 945 816 1018 primis
844 960 881 998 eo
908 940 1011 1020 ducor,
1037 941 1117 1018 quod

210 1078 300 1136 audio
313 1077 457 1135 accidisse
472 1078 576 1134 Curtio
592 1076 677 1134 Rufo.
721 1077 835 1135 Tenuis
855 1077 955 1134 adhuc
969 1085 1002 1134 et
1016 1079 1119 1136 obscu-

211 1237 261 1272 rus
274 1217 427 1273 obtinenti
442 1212 576 1271 Africam
591 1233 691 1272 comes
713 1213 860 1272 haeserat.
904 1213 1055 1271 Inclinato
1069 1215 1119 1271 die
1204 1225 1205 1240 ¹

210 1358 397 1433 spatiabatur
420 1360 452 1412 in
481 1359 618 1431 porticu;
640 1354 765 1411 offertur
793 1359 821 1412 ei
855 1355 990 1412 mulieris
1024 1355 1120 1431 figura

212 1489 343 1545 humana
371 1488 515 1564 grandior
539 1487 773 1564 pulchriorque:
795 1492 959 1563 perterrito
983 1486 1119 1546 Africam

211 1647 243 1684 se
255 1625 425 1683 futurorum
434 1627 646 1702 praenuntiam
658 1623 735 1680 dixit
747 1643 754 1692 ;
775 1628 888 1681 iturum
900 1628 981 1681 enim
993 1625 1120 1682 Romam

212 1763 400 1839 honoresque
435 1769 593 1838 gesturum
635 1769 727 1838 atque
770 1766 863 1818 etiam
891 1781 960 1818 cum
1001 1781 1121 1820 summo

211 1900 338 1972 imperio
366 1899 397 1951 in
426 1895 556 1952 eandem
584 1897 769 1970 provinciam
798 1913 987 1952 reversurum
1015 1896 1120 1972 ibique

211 2033 398 2086 moriturum.
401 1985 439 2149 s
445 2027 535 2083 Facta
549 2034 621 2083 sunt
630 2029 738 2082 omnia.
784 2026 944 2084 Praeterea
958 2027 1119 2086 accedenti

212 2135 427 2237 Carthaginem
455 2159 688 2237 egredientique
716 2179 792 2217 nave
821 2161 929 2219 eadem
957 2161 1052 2238 figura
1087 2166 1121 2220 in

212 2295 300 2352 litore
311 2297 474 2350 occurrisse
483 2299 628 2350 narratur.
666 2293 736 2369 Ipse
747 2300 830 2350 certe
839 2293 1003 2370 implicitus
1013 2296 1123 2353 morbo

212 2427 314 2484 futura
338 2429 519 2503 praeteritis,
528 2401 659 2482 ¹adversa
680 2425 821 2483 secundis
843 2435 1007 2503 auguratus
1032 2447 1119 2504 spem

211 2559 316 2617 salutis
330 2556 414 2614 nullo
428 2576 549 2614 suorum
562 2555 746 2632 desperante
759 2561 894 2632 proiecit.
957 2603 959 2608 .
1024 2612 1025 2616 ,

255 2693 318 2748 lam
332 2689 408 2746 illud
430 2697 531 2746 nonne
547 2697 580 2746 et
601 2693 697 2766 magis
721 2690 857 2748 terribile
881 2699 913 2748 et
935 2711 996 2748 non
1018 2697 1122 2753 minus

212 2829 321 2881 mirum
335 2830 392 2894 est,
406 2822 487 2899 quod
502 2841 660 2898 exponam,
675 2831 710 2880 ut
728 2824 854 2899 accepi?
897 2823 970 2882 Erat
984 2824 1121 2885 Athenis

211 3029 339 3156 (MsslThip
356 3032 430 3092 story
448 3029 471 3077 is
488 3027 606 3076 lilrewise
626 3025 729 3076 related
747 3027 782 3093 by
800 3027 908 3078 Tacitus
925 3028 996 3078 Aoo.
1018 3030 1053 3080 xi.
1073 3033 1116 3080 21.

253 3111 312 3144 em.

246 3160 373 3209 ⁶Lucian
395 3158 572 3220 (Philopreud.
592 3159 634 3218 29)
655 3158 778 3207 ridiculos
797 3175 813 3207 a
832 3163 907 3224 story
925 3164 1018 3225 pretty
1038 3161 1120 3210 much

212 3225 371 3289 resembling
382 3225 445 3283 this,
459 3223 509 3273 but
519 3223 578 3287 lays
589 3223 636 3273 the
647 3239 723 3274 scene
734 3224 762 3274 ol
773 3225 796 3274 it
808 3225 836 3274 in
846 3224 966 3276 Corinth.
999 3225 1118 3289 (Melm.)

211 3321 249 3376 68
