2352 3802
348 401 437 461 THE
466 403 649 462 LETTERS
677 404 732 462 OF
762 405 887 462 PLINY

605 629 632 685 V

345 763 376 821 C.
402 763 521 820 Parmos
542 762 681 820 Traiano
704 763 891 821 luennauosr

208 896 346 953 Pnoxmo
388 916 477 967 anno,
519 895 652 966 domine,
689 901 864 972 gravissima
902 897 1072 956 valitudine

166 1007 261 1065 usque
275 987 313 1044 ad
328 985 496 1062 periculum
509 990 590 1044 vitae
604 994 730 1043 vexatus
745 986 919 1062 iatralipten
928 987 1072 1064 adsump-

166 1081 208 1145 si3
243 1080 327 1134 cuius
355 1075 550 1133 sollicitudini
586 1083 619 1133 et
651 1075 752 1133 studio
780 1084 851 1133 tuae
879 1084 1000 1134 tantum
1028 1081 1073 1134 in-

165 1166 342 1242 dulgentiae
357 1165 504 1223 beneficio
518 1165 632 1224 referre
646 1169 775 1243 gratiam
792 1186 923 1243 possum.
968 1166 1072 1238 Quare

165 1276 247 1332 rogo,
270 1256 325 1314 des
347 1260 376 1313 ei
398 1259 553 1314 civitatem
577 1255 750 1312 Romanam.
794 1256 850 1314 Est
876 1261 958 1313 enim
983 1277 1072 1332 pere-

164 1351 270 1422 grinae
295 1345 479 1404 condicionis
500 1349 700 1403 manumissus
723 1367 740 1402 a
761 1351 930 1423 peregrina.
975 1347 1072 1402 Voca-

164 1445 215 1494 tur
239 1441 304 1512 ipse
328 1436 516 1513 Harpocras;
543 1444 702 1512 patronam
731 1435 838 1493 habuit
864 1436 1070 1493 Thermuthin

165 1526 307 1596 TheoniS,
323 1545 400 1602 quae
415 1529 474 1581 iam
489 1526 607 1601 pridem
622 1524 768 1583 defuncta
783 1533 838 1584 est.
883 1526 965 1583 Item
987 1546 1073 1602 roge,

165 1615 219 1672 des
254 1619 300 1672 ius
334 1613 500 1685 Quiritium
535 1614 652 1672 libertis
688 1614 840 1672 Antoniae
874 1614 1072 1685 Maximillae,

165 1708 370 1762 ornatissimae
385 1704 529 1776 feminae,
545 1705 665 1762 Hediae
688 1712 720 1762 et
743 1704 927 1775 Harmeridi‚
949 1705 1030 1781 quod
1053 1726 1072 1761 a
1165 1735 1166 1744 κ

164 1803 196 1853 te
211 1802 339 1874 petente
353 1803 480 1872 patrona
493 1803 574 1872 peto.

597 2012 639 2068 Vl

341 2145 372 2202 C.
397 2144 518 2201 Parmos
538 2143 677 2200 Tnmauo
700 2143 887 2200 lurssaronr

206 2277 273 2333 Aoo
288 2280 409 2353 gratias,
424 2277 556 2346 domine,
571 2276 653 2352 quod
669 2283 701 2333 et
715 2279 760 2332 ius
776 2274 941 2346 Quiritium
949 2275 1071 2334 libertis

165 2375 352 2430 necessariae
386 2370 461 2427 mihi
490 2369 621 2426 feminae
651 2377 683 2426 et
711 2373 867 2426 civitatem
903 2369 1072 2425 Romanam
1165 2359 1166 2388 ³

167 2466 359 2542 Harpocrati,
388 2464 558 2541 iatraliptae
586 2484 664 2534 mec,
694 2467 759 2520 sine
789 2483 873 2520 mora
907 2461 1071 2519 indulsisti.

165 2559 237 2632 Sed,
256 2580 325 2617 cum
346 2579 441 2616 annos
463 2563 527 2616 eius
550 2566 583 2616 ct
605 2578 739 2628 censum,
763 2561 841 2616 sicut
862 2577 1073 2633 praeceperas,
1165 2539 1166 2550 ἵ

165 2654 298 2725 ederem,
321 2654 495 2711 admonitus
518 2673 584 2710 sum
606 2674 624 2708 a
642 2653 835 2729 peritioribus
857 2651 997 2708 debuisse
1018 2671 1072 2709 me
1165 2715 1166 2720 .

198 2811 210 2832 ‘¹
227 2803 270 2850 An
287 2800 441 2863 iatraliptae,
461 2817 490 2849 or
509 2799 768 2860 “doctor-trainer,''
791 2798 925 2862 practised
948 2815 964 2847 a
986 2803 1072 2848 treat-
1165 2807 1166 2818 ¹

165 2873 239 2914 ment
251 2866 397 2930 consisting
407 2865 435 2914 of
446 2865 557 2930 dicting,
572 2867 708 2924 enerciaco,
722 2864 775 2914 and
788 2880 914 2928 massage.
1165 2895 1166 2932 p

198 2932 208 2962 ⁶
225 2931 369 2980 Freedman
382 2931 409 2979 ol
420 2931 538 2990 citizens,
552 2931 573 2980 if
590 2929 768 2980 manumitted
786 2930 853 2978 with
870 2929 917 2978 the
933 2928 983 2978 full
1001 2929 1073 2992 legal

166 2996 322 3045 formalities
345 2996 425 3056 (iusta
444 2996 621 3058 maaramisaio)
645 2995 751 3046 became
774 2995 829 3058 ipso
845 2995 921 3057 sacto
943 2994 1073 3054 citizens3

166 3062 242 3111 those
254 3061 281 3111 of
292 3061 375 3110 aliens
387 3062 460 3126 kept,
475 3061 502 3110 of
513 3077 612 3120 course,
628 3063 674 3111 the
686 3066 774 3111 status
785 3060 814 3109 ol
826 3061 896 3108 their
908 3063 1026 3124 patrone.

198 3136 208 3158 ⁶
224 3128 249 3176 A
260 3142 373 3186 woman,
387 3127 489 3192 though
501 3127 599 3175 herself
610 3143 626 3176 a
637 3127 742 3186 citizen,
761 3125 839 3174 could
856 3129 904 3174 not
921 3125 981 3189 give
998 3123 1072 3174 iusta
1165 3109 1166 3154 Ῑ

165 3191 341 3252 supermissio,
355 3191 404 3242 but
416 3197 488 3241 must
499 3207 545 3240 use
563 3208 611 3241 one
630 3192 658 3241 cl
677 3192 723 3241 the
741 3190 865 3240 informal
884 3188 1016 3248 methods,
1034 3189 1073 3279 hp

166 3258 252 3306 which
274 3258 321 3307 the
343 3256 479 3307 freedman
501 3257 598 3322 gained
626 3257 689 3322 only
711 3257 757 3306 the
784 3256 889 3305 “Latin
912 3255 1073 3305 franchise'
1165 3233 1166 3282 l

167 3353 223 3413 282
