2352 3802
380 365 470 425 THE
498 365 681 430 LETTERS
709 365 763 426 OF
792 365 916 426 PLINY

198 529 274 599 loco,
283 547 465 605 quamquam
474 527 620 585 eiusmodi
630 527 778 584 honorum
789 531 986 604 parcissimus,
994 535 1097 586 tamen

197 640 306 712 patior,
320 653 359 692 ne
380 633 542 712 impedisse
558 654 686 692 cursum
707 654 779 711 erga
800 654 850 692 me
873 639 995 712 pietatis
1026 644 1097 693 tuae

198 743 309 800 videar.

635 873 664 930 X

377 1016 407 1074 C.
433 1015 552 1073 Pnruus
573 1015 711 1072 Traiano
733 1015 917 1072 lurunaroar

239 1159 428 1228 Exraruuau,
457 1155 590 1227 domine,
617 1156 716 1214 verbis
743 1175 804 1212 non
830 1175 960 1232 possum,
984 1164 1098 1232 quanto

196 1277 247 1318 me
275 1256 387 1334 gaudio
420 1254 592 1312 adiecerint
624 1254 773 1330 epistulae
807 1262 888 1325 tuae,
916 1273 953 1311 ex
988 1254 1097 1331 quibus

197 1359 335 1433 cognovi,
350 1363 383 1412 te
399 1354 591 1429 Harpocrati,
612 1352 781 1428 iatraliptae
801 1371 871 1410 meo
891 1356 983 1409 etiam
1004 1351 1098 1409 Alex-

196 1455 356 1511 andrinam
391 1455 546 1508 civitatem
581 1452 730 1521 tribuisse,
765 1453 899 1527 quamvis
930 1449 1096 1507 secundum

196 1557 421 1611 institutionem
443 1553 615 1626 principum
638 1569 699 1606 non
719 1556 835 1607 temere
850 1569 916 1606 eam
938 1548 1010 1605 dare
1032 1569 1098 1625 pro

197 1655 354 1728 posuisses
399 1648 473 1707 Esse
487 1658 592 1706 autem
614 1649 791 1725 Harpocran
811 1651 897 1724 νομοῦ
918 1652 1099 1724 Μεμφιτικοῦ

196 1749 297 1806 indico
319 1749 384 1805 tibi.
430 1747 514 1822 Rogo
538 1766 619 1823 erg0,
641 1745 903 1822 indulgentissime
924 1750 1098 1822 imperator,

196 1853 230 1904 ut
244 1846 318 1902 mihi
333 1844 371 1902 ad
389 1844 563 1919 Pompeium
581 1843 729 1913 Plantam,
743 1842 930 1920 praefectum
951 1842 1098 1920 Aegypti,

196 1949 325 2001 amicum
340 1951 438 2013 tuum,
453 1945 531 1999 sicut
541 1945 713 2018 promisisti,
736 1941 895 2018 epistulam
908 1944 1021 1998 mittas

236 2042 365 2101 Obviam
387 2046 494 2110 iturus,
516 2060 576 2117 quo
601 2044 755 2110 maturius,
777 2040 910 2112 domine,
931 2045 1098 2116 exoptatis-

194 2143 261 2198 simi
289 2140 439 2198 adventus
466 2141 512 2196 tui
540 2139 652 2215 gaudio
680 2138 739 2196 frui
767 2142 886 2215 possim,
915 2157 998 2214 rogo,
1028 2158 1098 2215 per-

193 2240 297 2296 mittas
311 2237 386 2294 mihi
400 2239 490 2313 quam
505 2235 680 2313 longissime
694 2256 850 2294 occurrere
864 2236 928 2294 tibi.

371 2611 403 2669 C.
428 2611 548 2669 Pmnrus
568 2611 707 2669 Turrino
730 2612 916 2668 Inruaaroru

234 2756 373 2813 Pnoxrnn
407 2758 565 2815 infirmitas
599 2777 677 2828 mea,
712 2757 844 2829 domine,
871 2755 1019 2833 obligavit
1047 2776 1099 2814 me

193 2863 346 2920 Postumio
363 2863 480 2920 Marino
494 2864 631 2933 medico;
653 2868 701 2921 cui
715 2883 819 2940 parem
833 2867 961 2940 gratiam
980 2861 1099 2921 referre

190 2968 337 3026 beneficio
371 2976 425 3026 tuo
459 2987 590 3045 possum,
618 2974 642 3027 si
670 2970 810 3047 precibus
842 2972 919 3026 meis
950 2989 987 3026 ex
1025 2989 1100 3026 con-

189 3075 351 3131 suetudine
386 3076 530 3133 bonitatis
564 3085 635 3133 tuae
670 3076 837 3134 indulseris.
898 3075 981 3152 Rogo
1011 3097 1100 3152 ergo,

191 3325 249 3380 290
