2354 3802
334 360 423 417 THE
452 358 635 418 LETTERS
663 359 717 416 OF
747 359 872 417 PLlNY

152 521 265 579 deinde
292 520 411 577 duobus
437 526 491 575 aut
518 519 614 575 tribus
642 517 729 594 lego;
763 537 833 574 mox
869 518 934 575 aliis
968 517 1058 574 trado

151 617 336 677 adnotanda·
360 625 507 694 notasque
541 636 654 686 eorum,
689 620 714 672 si
748 615 864 687 dubito,
899 637 967 673 cum
996 637 1058 673 uno

152 737 253 775 rursus
273 724 328 774 aut
347 715 445 773 altero
466 719 604 791 pensit03
626 718 787 772 novissime
805 714 940 791 pluribus
961 719 1058 772 recito

152 836 198 885 ac,
211 819 236 872 si
250 813 324 891 quid
337 812 412 870 mihi
426 812 534 883 crediS,
548 819 623 869 tunc
636 816 782 870 acerrime
797 811 934 870 emendo,
979 812 1058 868 Nam

152 920 239 970 tanto
252 911 431 988 diligentius
445 918 560 987 quanto
581 908 737 967 sollicitius
751 909 887 967 intendo.
931 909 1058 986 Optime

152 1017 256 1068 autem
290 1012 473 1079 reverentia,
506 1001 614 1084 pudor,
641 1014 742 1065 metus
776 1007 932 1076 iudicant;
965 1007 1058 1085 idque

152 1107 230 1166 adeo
254 1113 296 1166 sic
321 1108 418 1164 habe:
449 1127 562 1176 nonne,
584 1110 609 1163 si
631 1105 786 1164 locuturus
810 1126 843 1164 es
867 1126 936 1163 cum
957 1105 1079 1183 aliquo.

153 1207 321 1285 quamlibet
348 1205 448 1273 docto,
477 1225 538 1262 uno
572 1212 686 1276 tamen,
721 1207 821 1262 minus
852 1208 1059 1274 commoveris,

153 1325 243 1382 quam
271 1309 297 1362 si
325 1323 394 1361 cum
421 1303 526 1360 multis
554 1303 603 1359 vel
631 1301 785 1360 indoctis?
840 1302 961 1373 Nonne,
989 1323 1060 1358 curn

153 1407 250 1479 surgis
274 1402 313 1460 ad
333 1400 497 1479 agendum,
518 1409 593 1458 tunc
617 1404 748 1457 maxime
773 1402 830 1458 tibi
850 1404 915 1476 ipse
940 1399 1059 1471 diffidis,

153 1513 228 1562 tunc
263 1510 457 1572 commutata,
492 1522 554 1558 non
592 1501 660 1560 dico
694 1501 834 1578 plurime,
869 1502 923 1560 sed
958 1506 1060 1559 omnia

154 1602 263 1677 cupis?
306 1601 420 1677 Utique
442 1605 467 1657 si
486 1600 575 1657 latior
595 1619 703 1657 scaena
723 1607 755 1658 et
778 1620 887 1658 corone
908 1600 1060 1668 diffusior3

153 1719 224 1757 nam
251 1698 318 1755 illos
345 1683 478 1776 quoque
494 1698 630 1756 sordidos
657 1698 849 1776 pullatosque
877 1717 1058 1757 reveremur.

154 1798 276 1866 Nonne,
295 1801 319 1854 si
339 1800 434 1872 prima
449 1817 587 1875 quaeque
602 1797 763 1874 improbari
779 1805 877 1873 purae,
892 1796 1060 1854 debilitaris

154 1902 187 1952 et
214 1893 368 1952 concidis?
424 1894 552 1972 Opinor,
580 1900 650 1973 quia
684 1899 715 1951 in
750 1915 879 1952 numero
912 1899 978 1971 ipso
1012 1895 1061 1950 e'st

153 1992 306 2070 quoddam
319 2013 465 2069 magnum
484 1993 688 2069 collatumque
707 1993 875 2062 consilium,
890 1992 1060 2069 quibusque

153 2091 279 2167 singulis
293 2091 397 2148 iudicii
411 2111 526 2167 parum,
540 2092 680 2148 omnibus
694 2090 865 2166 plurimum.

196 2189 304 2266 ltaque
330 2188 512 2264 Pomponius
537 2188 704 2260 SecunduS,
725 2188 774 2245 hic
793 2192 921 2264 scriptor
941 2196 1059 2265 tragoe-

153 2287 281 2357 diamm,
306 2291 330 2344 si
355 2287 427 2365 quid
449 2287 528 2344 forte
550 2286 723 2344 familiarior
744 2290 857 2344 amicus
879 2286 1060 2358 tollendum,

155 2390 220 2461 ipse
243 2384 439 2442 retinendum
463 2386 669 2455 arbitraretur,
693 2385 796 2443 dicere
819 2385 960 2442 solebat:
990 2391 999 2418 ‘
1011 2385 1061 2444 Ad

154 2484 301 2560 populum
324 2485 470 2560 provoco'
492 2492 585 2561 atque
608 2489 651 2542 ita
664 2505 713 2548 ,ex
741 2483 845 2560 populi
866 2484 914 2541 vel
937 2484 1060 2541 silentio

155 2582 201 2639 vel
213 2582 341 2640 adsensu
352 2590 406 2639 aut
415 2602 499 2639 suam
507 2591 561 2640 aut
571 2587 658 2639 amici
670 2586 855 2640 sententiam
867 2583 1058 2659 sequebatur.

188 2753 201 2775 ⁰
217 2743 302 2793 There
320 2744 343 2792 is
359 2761 375 2793 a
392 2745 458 2794 kind
476 2745 503 2794 oi
520 2745 657 2795 witticism
674 2746 702 2794 in
720 2745 774 2794 this
792 2745 953 2810 expression,
973 2743 1060 2794 which

155 2809 211 2858 will
222 2809 255 2858 be
266 2810 319 2860 lost
331 2814 360 2859 to
371 2811 417 2859 the
429 2826 500 2859 mere
513 2811 621 2875 English
634 2810 736 2871 render,
746 2811 834 2860 unless
843 2810 877 2859 he
888 2809 921 2859 be
930 2808 1060 2859 informed

155 2875 215 2924 that
239 2874 285 2924 the
308 2873 424 2924 Romans
446 2875 499 2924 hed
520 2892 537 2925 a
558 2877 688 2940 privilege
710 2875 854 2926 confirmed
876 2880 905 2924 ro
927 2875 1001 2925 them
1025 2875 1060 2940 by

156 2940 258 2989 several
270 2940 334 2990 lews
345 2941 431 2990 which
444 2941 540 3004 passed
551 2942 578 2990 in
591 2943 637 2991 the
649 2942 743 2992 earlier
754 2958 817 3006 ages
828 2941 856 2989 ol
873 2941 919 2990 the
931 2939 1059 3004 republic,

155 3006 183 3054 ol
205 3005 346 3070 appealing
362 3006 430 3055 from
448 3006 494 3055 the
511 3005 641 3056 decisions
659 3006 687 3056 of
710 3007 756 3057 the
776 3008 946 3070 magistrates
965 3011 994 3054 to
1015 3005 1060 3054 the

155 3071 261 3135 general
272 3071 404 3135 assembly
415 3071 444 3120 ol
455 3071 501 3120 the
512 3072 621 3136 people:
640 3072 693 3120 and
705 3073 771 3135 they
782 3071 830 3120 did
845 3087 874 3120 so
889 3072 917 3119 in
933 3072 980 3121 the
993 3071 1059 3119 form

154 3134 183 3184 of
205 3135 291 3184 words
314 3135 400 3184 which
428 3137 588 3200 Pomponius
617 3137 679 3186 here
706 3137 808 3202 applies
836 3141 865 3187 to
893 3153 909 3186 a
936 3136 1060 3186 different

156 3216 277 3264 purpose.
316 3201 430 3262 (Melnr.)

157 3312 193 3366 42
