2334 3686
319 285 409 343 THE
437 283 620 343 LETTERS
648 283 703 343 OF
734 285 859 342 PLINY

493 505 496 511 ⁵
512 518 660 576 LXXVII

319 651 350 709 C.
374 651 494 710 Pumus
514 653 653 710 'fanano
675 652 864 710 Iurnnarom

178 784 456 856 Pnovmnnuussrun,
476 785 608 856 domine,
627 782 738 856 fecisti,
757 784 838 861 quod
860 787 1045 861 praecepisti

136 881 298 958 Calpurnio
333 883 447 954 Macro,
475 882 638 940 clarissimo
673 887 745 953 vlro,
773 891 809 941 ut
842 882 1044 958 legionarium

135 985 345 1038 centurionem
360 981 540 1058 Byzantium
553 985 700 1040 mltteret.
744 982 878 1058 Dispice,
893 1001 932 1037 an
947 984 1042 1038 etiam

136 1078 356 1156 Iuliopolitanis
399 1079 488 1136 simili
531 1083 648 1136 ratione
688 1078 908 1136 consulendum
942 1086 1044 1154 putes,
1086 1069 1089 1076 λ

136 1196 264 1254 quorum
286 1179 400 1246 civitas,
428 1195 497 1232 cum
525 1180 565 1233 sit
592 1180 766 1253 perexigua,
792 1196 884 1234 onera
911 1180 1045 1232 maxima

137 1279 268 1332 sustinet
302 1283 450 1351 tantoque
492 1279 643 1352 graviores
677 1278 810 1345 iniuriaS,
846 1281 960 1351 quanto
996 1282 1045 1331 est

137 1373 289 1443 infirmior,
324 1377 447 1448 patitur.
490 1373 648 1450 Quidquid
682 1382 786 1431 autem
821 1371 1045 1448 Iuliopolitanis

137 1474 334 1546 praestiteris,
348 1471 379 1528 id
394 1476 487 1529 etiam
504 1476 562 1530 toti
584 1477 755 1548 provinciae
778 1471 920 1548 proderit.
964 1470 1046 1528 Sunt

137 1573 219 1625 enlm
234 1572 265 1624 in
281 1573 380 1644 capite
396 1568 558 1647 Bithyniae
580 1571 776 1647 plurimisque
798 1590 853 1646 per
874 1589 941 1626 eam
962 1589 1046 1626 com-

136 1667 309 1725 meantibus
323 1672 486 1725 transitum
500 1669 657 1744 praebent.

502 1913 665 1972 LXXVIII

448 2053 604 2112 Tannus
627 2055 732 2112 Punno

180 2193 224 2250 En
246 2193 383 2250 condicio
405 2201 453 2251 est
473 2199 603 2252 civitatis
627 2192 841 2273 Byzantiorum
870 2197 1045 2255 confluente

139 2290 273 2367 unquue
295 2295 325 2346 in
355 2311 422 2348 eam
444 2297 679 2351 commeantium
700 2297 799 2366 turba,
820 2304 855 2353 ut
876 2297 1046 2354 secundum

139 2389 391 2447 consuetudinem
412 2390 661 2465 praecedentium
683 2399 854 2470 temporum
878 2393 1044 2452 honoribus

140 2492 204 2545 eius
237 2488 387 2564 praesidio
422 2492 607 2548 centurionis
637 2490 795 2566 legionarii
823 2492 1045 2550 consulendum

139 2585 342 2644 habuerimus.
378 2585 432 2644 Si1
449 2587 669 2664 Iuliopolitanis
684 2590 921 2650 succurrendum
934 2589 1046 2648 eodem

139 2683 229 2741 modo
244 2689 459 2760 putaverimus
474 2687 664 2745 onerabimus
679 2707 733 2744 nos
748 2688 895 2765 exemplo.
941 2688 1046 2746 Plures

140 2786 222 2839 enim
236 2790 324 2840 tanto
337 2787 434 2859 magis
449 2784 556 2841 eadem
567 2789 732 2862 requirent,
743 2794 856 2862 quanto
867 2787 1046 2845 infirmiores

141 2889 238 2938 erunt.
291 2881 360 2938 Tibi
395 2902 461 2939 eam
494 2882 633 2942 fiduciam
648 2883 839 2964 ¹diligentiae
868 2885 977 2956 habeo,
1008 2893 1045 2943 ut

141 2978 262 3036 credam
276 2988 308 3037 te
324 2984 406 3040 omni
424 2984 541 3040 ratione
563 2981 595 3039 id
619 2991 767 3053 acturum,
782 3002 821 3040 ne
843 2987 905 3040 sint
922 2984 1047 3042 obnoxii

484 3135 492 3166 ¹
510 3137 533 3186 si
545 3154 592 3187 om.
608 3155 634 3200 a,
648 3139 698 3188 Av.

146 3229 201 3288 ἰ78
