2352 3802
352 382 441 441 THE
471 381 654 442 LETTERS
683 384 738 442 OF
768 384 894 443 PLINY

170 560 280 620 meque
308 541 509 600 haesitatione
537 542 657 600 liberes.
700 543 814 600 Vereor
846 546 939 614 enim,
971 563 1012 601 ne
1045 547 1078 601 in

169 639 347 697 alterutram
362 647 480 717 partem
494 644 666 718 ignorantia
687 640 788 717 lapsus
808 649 861 698 aut
882 641 988 698 illicita
1009 662 1079 698 con-

170 740 286 797 firmem
300 747 354 797 aut
367 744 536 797 necessaria
549 741 721 817 impediam.

576 974 676 1032 XLVI

454 1133 457 1138 ·
482 1106 638 1164 Tauranus
659 1106 764 1164 Parruo

212 1237 401 1309 Drruoarm,
415 1231 549 1316 ‘quorum
578 1243 760 1315 praeteritus
788 1247 835 1296 est
863 1238 937 1310 dies,
963 1244 995 1296 in
1020 1261 1079 1298 usu

171 1352 313 1390 essenon
333 1333 451 1390 debent
462 1352 470 1401 ;
484 1333 553 1389 ideo
574 1337 655 1390 inter
676 1337 774 1409 prima
794 1337 920 1410 iniungo
940 1333 1026 1404 mihi,
1042 1344 1079 1393 ut

171 1447 226 1503 per
246 1447 351 1485 omnes
371 1430 538 1502 provincias
561 1435 633 1484 ante
657 1431 778 1485 mittam
800 1447 877 1484 nova
899 1427 1079 1505 diplomata,

171 1539 262 1596 quam
275 1520 441 1578 desiderari
456 1523 579 1595 possint.
864 1532 866 1536 '

564 1711 681 1770 XLVII

343 1844 375 1901 C.
399 1844 520 1902 Pruuus
540 1845 677 1901 Turrino
707 1844 893 1902 lurraarorrr

213 1975 280 2032 Cuu
309 1975 420 2032 vellem
447 1975 613 2052 Apameae,
634 1976 768 2047 domiue,
791 1995 974 2053 cognoscere
1002 1978 1078 2053 pub

170 2064 243 2121 licos
268 2064 422 2123 debitores
443 2074 476 2124 et
497 2066 630 2123 reditum
655 2073 688 2124 et
710 2066 875 2142 impendia,
896 2085 1076 2144 responsum

171 2162 219 2212 est
234 2155 307 2211 mihi
322 2175 433 2232 cupere
447 2154 572 2232 quidem
593 2159 757 2226 universos,
772 2164 807 2214 ut
830 2177 848 2212 a
870 2175 920 2213 me
942 2161 1076 2215 rationes

171 2243 306 2301 coloniae
320 2244 507 2322 legerentur,
521 2264 687 2322 numquam
708 2253 812 2303 tamen
834 2265 899 2303 esse
920 2245 1016 2304 lectas
1036 2248 1076 2304 ab
1159 2277 1160 2301 r

172 2333 234 2391 ullo
253 2335 485 2411 proconsulum;
506 2335 646 2393 habuisse
667 2335 860 2412 privilegium
880 2342 913 2392 et
934 2340 1077 2394 vetustiS-

171 2428 279 2482 simum
290 2445 405 2483 morem
416 2427 540 2484 arbitrio
548 2446 602 2484 suo
616 2425 841 2504 rempublicam
854 2425 1075 2485 administrare.

172 2514 278 2592 Exegi,
293 2523 337 2586 ut,
352 2535 430 2593 quae
451 2515 604 2588 dicebant,
625 2535 763 2594 quaeque
777 2517 957 2587 recitabant,
970 2515 1078 2573 libello

171 2606 447 2682 complecterentur
459 2626 466 2676 ;
487 2626 579 2685 quem
590 2609 656 2677 tibi,
665 2606 786 2684 qualem
800 2626 985 2684 acceperam,
997 2610 1076 2677 misi,

171 2701 306 2772 quamvis
320 2697 533 2774 intellegerem
547 2697 691 2774 pleraque
712 2716 750 2754 ex
771 2696 824 2754 illo
838 2696 877 2753 ad
898 2696 940 2768 id,
954 2695 993 2753 de
1015 2716 1077 2773 quo

171 2790 335 2862 quaeritur,
349 2806 411 2843 non
432 2791 595 2863 pertinere.
639 2785 683 2844 Te
708 2806 790 2863 rogo,
806 2794 841 2843 ut
862 2786 937 2842 mihi
959 2791 1077 2863 praeci-

171 2875 264 2953 pere1
292 2876 436 2953 digneris,
464 2877 538 2954 quid
566 2896 616 2933 me
643 2884 734 2954 putes
761 2878 920 2934 observare
948 2876 1074 2936 debere.

171 2965 285 3024 Vereor
306 2971 397 3038 enim,
422 2986 462 3024 ne
490 2973 543 3024 aut
571 2971 733 3024 excessisse
761 2975 816 3025 aut
843 2985 904 3023 non
932 2966 1076 3042 implesse

171 3055 258 3113 officii
271 3060 332 3114 mei
346 3065 448 3133 partes
462 3056 572 3113 videar.

174 3161 390 3276 Κὶῆἒὲεοίρετο,
409 3162 472 3223 Aa,
486 3162 594 3226 Rabona,
609 3163 644 3223 K,
658 3163 760 3222 Maeli,
779 3163 890 3226 praeire,
906 3162 955 3222 Bo,
970 3163 1074 3224 Harii„

195 3322 231 3392 36
