2362 3794
342 389 432 448 THE
461 387 643 448 LETTERS
672 388 727 446 OF
756 386 882 444 PLINY

161 554 319 626 municeps
347 553 450 624 ipsius,
477 551 528 624 qui
557 547 609 603 illo
636 547 687 604 die
721 550 851 623 primum
880 554 1007 604 venerat
1035 549 1070 604 in

162 682 287 750 urbem;
302 685 350 738 cui
367 680 490 736 Rufinus
505 679 716 736 demonstrans
726 699 776 736 me
791 699 797 735 :
818 678 930 736 ‘Vides
944 679 1062 736 huuc?’

166 812 267 869 Multa
288 810 401 868 deinde
423 809 463 868 de
487 811 595 869 studiis
617 815 736 870 nostris.
790 812 832 869 Et
854 810 907 869 ille
930 811 1068 869 ‘Plinius

168 944 232 1002 est'
258 947 366 1021 iuquit.
419 943 533 1001 Verum
553 942 681 1014 fatebor,
696 948 782 1021 capio
795 964 941 1021 magnum
955 944 1069 1002 laboris

165 1081 225 1134 mei
239 1077 381 1134 fructum.
424 1078 485 1148 An,
500 1081 524 1134 si
540 1076 765 1136 Demosthenes
779 1082 844 1135 iure
859 1077 991 1134 laetatus
1010 1084 1070 1148 est,

166 1208 248 1287 quod
271 1208 358 1266 illum
380 1229 455 1266 anus
479 1209 584 1267 Attica
611 1213 655 1267 ita
682 1213 853 1280 noscitavit,
876 1209 986 1273 ‘Olmie
1007 1211 1073 1268 ἐστι

167 1342 372 1419 Δημοσθένης,’
383 1361 441 1418 ego
452 1342 630 1400 celebritate
645 1345 775 1398 nominis
789 1345 851 1399 mei
865 1340 998 1418 gaudere
1008 1361 1073 1399 non

167 1477 288 1535 debeo?
320 1477 385 1554 Ego
410 1497 481 1534 vero
505 1485 538 1535 et
560 1476 679 1554 gaudeo
704 1484 736 1533 et
761 1475 894 1552 gaudere
919 1494 969 1531 me
992 1473 1072 1532 dico

169 1611 278 1688 Neque
293 1614 375 1667 enirn
389 1630 504 1681 vereor,
519 1630 558 1668 ne
580 1613 740 1668 iactantior
754 1609 867 1680 videar,
883 1629 953 1666 cum
967 1607 1007 1666 de
1022 1628 1075 1665 me

169 1742 295 1799 aliorum
328 1741 471 1800 iudicium
507 1763 569 1800 non
599 1761 701 1800 meum
736 1741 866 1819 profem,
894 1745 1076 1818 praesertim

170 1863 251 1954 {rpud
279 1884 321 1948 te,
345 1882 397 1955 qui
425 1897 482 1935 nec
505 1877 595 1935 ullius
618 1876 736 1934 invides
755 1875 901 1934 laudibus
931 1883 964 1932 et
993 1874 1080 1932 faves

171 2011 289 2068 nostris.
333 2010 416 2069 Vale.

578 2311 682 2369 XXIV

377 2457 408 2516 C.
433 2458 553 2515 Pcrurus
575 2458 740 2515 Snururuuo
762 2455 823 2514 Suo
846 2455 876 2514 S.

217 2603 301 2662 Burin
321 2603 433 2675 fecisti,
447 2601 528 2680 quod
543 2602 688 2661 libertum
712 2601 876 2679 aliquando
898 2603 955 2659 tibi
978 2621 1085 2658 carum

176 2729 393 2787 reducentibus
418 2727 556 2804 epistulis
583 2731 659 2785 meis
684 2731 716 2784 iu
735 2727 869 2798 domum,
894 2731 926 2783 in
947 2730 1086 2784 animum

178 2857 328 2929 recepisti.
373 2853 493 2910 Iuvabit
515 2852 572 2910 hoc
597 2861 630 2910 te
642 2871 650 2922 ;
671 2872 721 2910 me
746 2860 831 2911 certe
845 2857 938 2923 iuvat,
953 2856 1089 2928 primum

179 2978 260 3056 quod
275 2986 308 3037 te
323 2986 386 3035 tam
400 2977 611 3036 tractabileml
626 2976 725 3047 video,
740 2981 820 3034 utin
836 2981 880 3033 ira
900 2980 965 3052 regi
980 2981 1090 3052 possis,

182 3101 294 3160 deinde
309 3100 390 3178 quod
413 3108 534 3158 tantum
558 3099 633 3157 mihi
656 3100 775 3172 tribuis,
790 3107 825 3157 ut
840 3098 888 3156 vel
910 3103 1090 3157 auctoritati

291 3238 300 3270 ¹
317 3244 374 3290 tum
385 3238 553 3290 tractabilem
565 3239 606 3301 M,
620 3239 726 3299 Miller,
739 3238 821 3288 talem
832 3255 859 3300 a,
873 3238 980 3302 Bipous.

188 3335 244 3390 228
