2362 3794
349 309 439 368 THE
468 308 652 369 LETTERS
682 309 736 369 OF
770 308 895 367 PLINY

602 520 709 592 xxm

356 654 387 710 C.
413 653 534 713 Ptnnus
557 654 756 711 Mancattruo
779 651 840 709 Suo
864 651 892 709 S.

215 786 320 844 Ouun
335 785 409 842 mihi
425 786 534 857 studia,
550 804 655 843 omnes
665 803 760 855 curas,
774 788 875 841 omnia
883 791 1080 842 avocamenta

173 895 297 963 exemit,
313 896 454 962 excussit,
475 896 587 969 eripuit
607 891 703 963 dolor,
724 911 816 969 quem
837 911 875 950 ex
888 900 987 950 morte
1010 892 1078 948 Iuni

174 999 257 1058 Aviti
293 1004 501 1076 gravissimum
529 1004 604 1076 cepi.
651 1000 759 1057 Latum
784 999 902 1057 clavum
929 1005 961 1056 in
988 999 1080 1056 domo

174 1125 242 1163 mea
270 1106 423 1178 induerat,
450 1106 590 1184 suffragio
625 1126 694 1164 meo
721 1105 843 1164 adiutus
876 1112 907 1163 in
937 1105 1080 1181 petendis

174 1213 339 1271 honoribus
362 1213 474 1285 fuerat,
495 1213 534 1270 ad
553 1212 611 1270 hoc
632 1216 675 1270 ita
693 1232 743 1270 me
760 1211 919 1290 diligebat,
937 1216 981 1269 ita
995 1231 1081 1268 vere-

175 1321 273 1390 batur,
297 1328 332 1378 ut
354 1340 404 1377 me
423 1319 586 1377 formatore
605 1339 732 1388 morum,
755 1337 805 1375 me
827 1322 911 1395 quasi
936 1322 1081 1392 magistro

176 1435 323 1485 uteretur.
356 1427 465 1504 Rarum
480 1426 581 1484 hocin
595 1425 841 1483 adulescentibus
856 1429 973 1483 nostris.
1002 1425 1080 1481 Nam

175 1537 415 1611 quotusquisque
439 1534 488 1590 vel
512 1537 608 1590 aetati
630 1532 755 1589 alterius
780 1533 829 1590 vel
852 1537 1026 1589 auctoritati
1045 1539 1081 1589 ut

177 1644 277 1696 minor
295 1640 400 1698 cedit?
426 1640 536 1698 Statim
552 1643 684 1715 sapiunt,
710 1643 813 1697 statim
842 1643 942 1696 sciunt
969 1643 1080 1709 omnia,

176 1750 330 1803 neminem
346 1756 498 1818 verentur,
506 1751 665 1803 imitantur
678 1749 833 1803 neminem
846 1754 938 1822 atque
952 1749 1010 1822 ipsi
1024 1747 1081 1802 sibi

177 1854 317 1931 exempla
331 1863 410 1912 sunt.

217 1959 279 2018 Sed
302 1981 363 2017 non
388 1962 507 2032 Avitus,
530 1964 614 2017 cuius
631 1959 707 2017 haec
725 1963 886 2036 praecipua
907 1959 1089 2036 prudentia,

177 2067 257 2145 quod
277 2067 350 2125 alios
370 2068 582 2145 prudentiores
602 2067 814 2137 arbitrabatur,
828 2065 904 2122 haec
919 2070 1080 2142 praecipua

176 2175 318 2245 eruditio,
342 2174 423 2252 quod
446 2174 563 2232 discere
586 2174 715 2231 volebat.
760 2173 887 2249 Semper
903 2172 954 2230 ille
972 2181 1025 2230 aut
1040 2173 1079 2231 de

175 2283 283 2340 studiis
297 2282 411 2359 aliquid
425 2290 478 2339 aut
492 2281 531 2340 de
545 2282 648 2338 officiis
663 2285 743 2339 vitae
757 2281 944 2350 consulebat,
959 2301 1080 2357 semper

174 2394 217 2448 ita
231 2390 396 2448 recedebat
417 2397 452 2447 ut
471 2390 578 2447 melior
592 2389 690 2446 factus
710 2397 743 2446 et
764 2397 830 2446 erat
846 2388 945 2446 factus
961 2389 1010 2446 vel
1033 2409 1080 2460 e0,

174 2497 256 2574 quod
269 2497 416 2568 audierat,
431 2496 480 2554 vel
494 2496 576 2574 quod
590 2500 714 2553 omnino
729 2501 906 2574 quaesierat.

215 2602 305 2674 Quod
328 2603 380 2660 ille
403 2604 581 2679 obsequium
604 2601 757 2673 Serviano,
787 2605 977 2661 exactissimo
1005 2605 1085 2673 viru,

173 2712 343 2787 praestitit!
370 2730 462 2789 quern
485 2710 622 2786 legatum
647 2711 788 2767 tribunus
815 2713 858 2766 ita
878 2717 911 2768 et
923 2709 1080 2767 intellexit

174 2817 206 2866 et
221 2813 312 2885 cepit,
327 2817 362 2866 ut
383 2829 420 2867 ex
442 2808 606 2866 Germania
620 2813 651 2864 in
668 2807 853 2865 Pannoniam
867 2815 1079 2866 transeuntem

174 2927 235 2965 non
273 2916 309 2965 ut
347 2907 522 2978 commilito,
559 2906 614 2964 sed
652 2915 687 2964 ut
717 2927 817 2964 comes
845 2907 1079 2984 adsectatorque

174 3014 361 3084 sequeretur.
405 3006 474 3078 Qua
498 3005 657 3076 industria,
680 3026 740 3083 qua
763 3006 912 3064 modestia
937 3014 1079 3082 quaestor

536 3170 548 3192 ‘¹
566 3162 593 3210 ii.
608 3162 632 3220 9,
647 3166 715 3210 noto.

179 3259 236 3328 164
