2438 3790
382 398 471 461 THE
500 396 684 460 LETTERS
712 397 767 461 OF
797 395 923 458 PLlNY

601 610 704 686 xxvi

418 757 449 813 C.
475 755 596 813 Pmnuus
619 756 748 812 erruo
772 751 834 812 Suo
857 749 885 812 S.

207 926 215 943 .
240 895 347 957 Nursu
390 914 439 956 me
475 898 630 956 cuiusdam
664 900 752 953 amici
787 897 915 973 languor
949 893 1109 954 admonuit

199 1011 330 1084 optimos
349 1026 414 1064 esse
436 1026 502 1077 nos,
516 1005 589 1063 dum
611 1005 721 1062 infirmi
746 1024 856 1062 sumus.
901 1003 1002 1075 Quem
1026 1007 1107 1060 enim

198 1113 351 1171 infirmum
379 1121 433 1171 aut
466 1116 591 1170 avaritia
618 1120 672 1170 aut
706 1111 800 1169 libido
828 1111 993 1169 sollicitat?
1037 1110 1108 1167 Non

198 1222 348 1278 amoribus
362 1224 464 1290 servit,
478 1238 540 1275 non
554 1219 673 1295 adpetit
683 1219 822 1289 honores,
836 1237 908 1294 opes
922 1217 1062 1294 neglegit
1077 1225 1109 1274 et

198 1326 500 1403 quantulumcunque
510 1333 544 1383 ut
553 1324 713 1383 relicturus
723 1329 795 1382 satis
804 1324 905 1381 habet.
926 1323 1012 1381 Tunc
1024 1323 1107 1394 deos,

197 1443 272 1492 tune
300 1434 454 1491 hominem
487 1452 552 1489 esse
587 1451 619 1490 se
654 1436 803 1503 meminit,
831 1431 949 1488 invidet
982 1434 1108 1501 nemini,

197 1545 353 1598 neminem
366 1544 502 1611 miratur,
517 1543 672 1596 neminem
686 1538 816 1615 despicit
826 1558 861 1594 ac
870 1557 910 1595 ne
918 1538 1107 1595 sermonibus

198 1646 322 1724 quidem
349 1645 490 1722 malignis
518 1653 572 1702 aut
599 1644 735 1703 attendit
768 1653 823 1702 aut
856 1644 965 1713 alitur;
987 1642 1108 1701 balinea

198 1758 381 1831 imaginatur
394 1761 427 1814 et
441 1753 550 1811 fontes.
594 1753 681 1810 Haeo
695 1773 812 1810 summa
832 1771 980 1822 curarum,
990 1770 1108 1808 summa

198 1869 346 1933 votorum,
374 1860 558 1938 mollemque
586 1865 619 1917 in
653 1868 808 1937 posterum
836 1867 869 1917 et
897 1863 1053 1935 pinguem,
1082 1861 1107 1914 si

199 1971 357 2043 contingat
390 1966 529 2038 evadere,
558 1965 615 2022 hoo
644 1973 691 2022 est
726 1968 879 2021 innoxiam
914 1964 1108 2040 beatamque,

197 2073 334 2132 destinat
353 2078 455 2131 vitam.

241 2180 365 2238 Possum
393 2199 475 2256 ergo,
491 2178 572 2257 quod
586 2180 723 2256 plurimis
738 2180 847 2251 verbiS,
861 2178 998 2256 plurimis
1013 2181 1107 2235 etiam

198 2286 400 2344 voluminibus
414 2285 587 2363 philosophi
601 2286 713 2344 dooere·
726 2293 884 2357 conantur,
893 2289 958 2362 ipse
972 2286 1109 2342 breviter

197 2393 254 2451 tibi
278 2392 413 2470 mihique
442 2397 627 2472 praecipere,
648 2386 688 2452 vut
714 2392 792 2451 tales
821 2412 886 2451 esse
915 2395 980 2450 sani
1007 2410 1109 2468 perse-

199 2519 346 2571 veremus,
383 2500 488 2577 quales
523 2520 577 2557 nos
614 2499 732 2558 futuros
773 2499 950 2576 profitemur
985 2498 1106 2555 infirmi.

202 2605 283 2665 Vale.

590 2846 710 2905 XXVII

435 2991 465 3048 C.
492 2991 611 3049 Pnnuus
633 2991 734 3050 Sunia
755 2991 816 3051 Suo
837 2991 867 3051 S.

240 3135 287 3192 Er
306 3135 381 3192 mihi
395 3136 532 3194 discendi
547 3145 579 3194 et
593 3139 650 3194 tibi
664 3137 795 3196 docendi
809 3137 988 3195 facultatem
1008 3142 1108 3198 otium
1128 3129 1132 3136 ⁴

199 3243 333 3316 praebet.
380 3242 477 3318 Igitur
492 3262 637 3320 perquam
657 3243 749 3301 velim
771 3247 858 3317 seire,
872 3264 938 3302 esse
963 3243 1109 3320 phantas-

200 3351 238 3408 66
