2354 3802
302 394 391 452 THE
421 395 603 454 LETTERS
631 395 686 453 OF
716 395 843 454 PLINY

201 491 212 519 l

120 554 243 612 Graecis
257 573 388 631 quoque,
404 574 478 631 quos
488 554 598 611 Latine
609 553 698 612 huius
708 554 804 612 libelli
815 574 898 613 amor
912 555 1026 626 docuit,

119 668 200 707 nunc
215 648 340 719 cithara,
354 669 436 705 nunc
450 648 515 725 lyra
528 657 713 724 personatur.

160 741 222 799 Sed
250 741 323 818 quid
352 762 410 818 ego
432 750 495 799 tam
516 742 669 818 gloriose?
712 742 902 819 Quamquam
928 748 1027 819 postis

119 835 219 893 furere
241 855 417 894 concessum
445 844 510 905 cst;
531 845 564 894 et
592 845 696 894 tamen
719 857 780 894 non
805 835 845 893 de
868 857 947 907 meo,
972 837 1027 895 sed

118 930 158 988 de
186 930 311 988 aliorum
340 931 451 987 iudicio
478 919 603 1008 loquor3
625 935 677 1008 qui
705 936 767 988 sive
796 930 933 988 iudicant
961 935 1024 990 sive

119 1033 232 1095 errant,
266 1044 316 1082 me
350 1023 508 1082 delectat.1
553 1024 657 1082 Unum
692 1044 808 1101 precor,
842 1032 878 1081 ut
912 1029 1026 1100 posteri

119 1138 239 1196 quoque
254 1126 307 1176 aut
322 1125 425 1176 errent
439 1118 579 1176 similiter
592 1126 646 1177 aut
660 1119 805 1198 iudicent.
850 1118 924 1176 Vale

559 1314 585 1368 V

297 1445 327 1502 C.
354 1445 473 1502 Puums
495 1445 687 1502 Cairunruan
709 1445 789 1502 Suus
811 1444 840 1501 S.

161 1570 353 1625 lucnnnrnun
376 1577 432 1638 est,
448 1576 563 1646 quanto
585 1568 736 1626 desiderio
759 1572 805 1626 tui
830 1575 944 1624 tenear.
990 1569 1026 1624 ln

120 1679 209 1716 causa
229 1678 313 1715 amor
334 1663 473 1735 primum,
488 1657 601 1715 deinde
624 1657 705 1735 quod
731 1677 793 1714 non
817 1662 1027 1715 consuevimus

118 1758 231 1814 abesse.
276 1757 353 1814 Inde
369 1765 425 1827 est,
440 1756 521 1834 quod
535 1775 676 1832 magnam
698 1763 816 1832 partem
837 1759 973 1812 noctium
995 1760 1026 1812 in

118 1859 251 1930 imagine
273 1862 326 1911 tua
350 1854 422 1930 vigil
445 1859 543 1930 exigo,
568 1853 650 1924 inde,
664 1853 746 1930 quod
760 1853 903 1924 interdiu,
918 1855 1027 1930 quibus

122 1953 203 2010 horis
218 1961 250 2010 te
266 1957 361 2010 visere
384 1952 526 2023 solebam,
541 1952 579 2009 ad
594 1951 726 2008 diaetam
741 1959 826 2008 tuam
840 1955 897 2028 ipsi
918 1970 977 2021 me,
992 1960 1027 2009 ut

118 2055 273 2109 verissime
287 2051 410 2121 dicitur,
424 2050 518 2126 pedes
533 2049 669 2117 ducunt;
690 2048 771 2126 quod
786 2049 919 2127 denique
935 2069 1028 2126 aeger

119 2158 151 2208 et
178 2158 311 2207 maestus
339 2170 373 2205 ac
401 2149 505 2206 similis
528 2147 658 2219 excluso,
680 2167 774 2205 vacuo
788 2148 893 2206 limine
907 2149 1025 2206 recedo.

121 2248 223 2306 Unum
247 2256 369 2323 tempus
395 2246 440 2304 his
465 2250 625 2304 tormentis
648 2253 739 2316 caret,
764 2265 824 2323 quo
846 2250 878 2302 in
901 2247 966 2303 foro
994 2256 1027 2304 et

119 2350 282 2402 amicorum
310 2344 415 2402 litibus
438 2352 585 2401 conteror.
630 2345 767 2402 Aestima
794 2353 838 2415 tu,
862 2364 939 2422 quae
965 2349 1028 2402 vita

118 2463 186 2500 mea
209 2447 258 2513 sit,
280 2447 328 2499 cui
352 2447 471 2519 requies
493 2447 525 2498 in
547 2442 659 2514 labore,
684 2446 716 2498 in
742 2446 860 2500 miseria
888 2447 1027 2520 curisque

119 2537 269 2595 solacium.
314 2537 397 2594 Vale.

550 2774 592 2830 Vl

333 2909 363 2966 C.
389 2909 510 2966 Puuuus
533 2909 677 2964 Macuruo
700 2909 761 2964 Suo
783 2909 811 2966 S.

162 3042 244 3097 Rana
259 3049 290 3098 et
300 3040 441 3098 notabilis
456 3061 503 3097 res
515 3040 633 3097 Vareno
642 3044 781 3112 contigit,
794 3044 834 3097 sit
842 3040 916 3097 licet
927 3040 1027 3097 adhuc

118 3135 217 3191 dubia.
262 3135 387 3211 Bithyni
401 3138 623 3190 accusationem
643 3137 706 3190 cius
725 3141 760 3190 ut
774 3141 891 3191 temere
909 3133 1027 3190 inchoa-

305 3238 312 3269 ¹
330 3239 447 3289 delectat
459 3239 499 3298 M,
516 3239 547 3286 M
548 3239 620 3297 ullor,
634 3237 770 3288 delectant
782 3239 836 3288 rell.

123 3353 134 3388 1
143 3353 156 3389 2
