2352 3802
344 369 433 431 THE
462 367 645 430 LETTERS
674 369 729 431 OF
757 366 884 429 PLINY

555 606 673 663 XXXV

385 748 416 805 C.
441 748 562 805 Pnurus
576 714 702 804 ¹Aruro¹
726 747 787 806 Suo
809 747 839 804 S.

203 889 335 960 Lissum,
350 897 443 966 quein
457 893 575 958 misisti,
591 891 693 964 recepi
709 895 742 945 et
756 890 868 964 gratias
883 906 950 964 ago.
993 885 1071 943 Sum

162 1004 266 1055 tamen
292 996 350 1054 hoc
374 1004 513 1072 tempore
534 999 790 1071 occupatissimus.
835 992 910 1051 Ideo
931 991 1071 1050 nondum

163 1123 234 1161 eum
248 1103 320 1181 legi,
336 1123 405 1160 cum
425 1101 537 1179 alioqui
559 1101 742 1159 validissime
763 1102 904 1179 cupiam;
924 1099 979 1157 sed
1000 1119 1069 1156 eam

162 1212 365 1267 reverentiam
374 1229 443 1265 cum
454 1209 565 1266 litteris
580 1211 652 1284 ipsis
666 1216 733 1266 tum
748 1209 867 1283 scriptis
880 1209 941 1262 tuis
958 1206 1070 1277 debeo,

163 1324 198 1375 ut
212 1335 331 1374 sumere
346 1315 398 1372 illa
412 1318 470 1372 nisi
490 1335 584 1373 vacuo
605 1319 706 1371 animo
726 1313 928 1390 irreligiosum
950 1322 1068 1390 putem.

163 1423 368 1500 Diligentiam
391 1429 476 1478 tuam
504 1425 536 1478 in
565 1421 767 1479 retractandis
801 1424 944 1499 operibus
979 1420 1070 1478 valde

162 1533 264 1608 probo.
310 1531 365 1588 Est
392 1538 497 1587 tamen
530 1529 638 1607 aliquis
673 1528 791 1601 moduS,
821 1535 952 1608 primum
986 1529 1070 1607 quod

162 1639 255 1692 nimia
283 1656 354 1692 cura
381 1635 496 1693 deterit
525 1639 621 1712 magis
649 1654 740 1712 quam
770 1637 924 1707 emendat,
953 1635 1070 1714 deinde

162 1742 244 1821 quod
272 1762 327 1799 nos
361 1762 379 1798 a
413 1743 633 1800 recentioribus
668 1750 791 1800 revocat
825 1742 974 1819 simulque
1010 1761 1070 1798 nec

162 1850 291 1908 absolvit
315 1853 413 1926 priora
438 1856 471 1907 et
495 1849 637 1908 inchoare
660 1855 828 1928 posteriora
852 1870 914 1908 non
942 1854 1068 1926 patitur.

163 1958 246 2015 Vale.

550 2133 682 2190 XXXVI

399 2274 430 2332 C.
455 2275 575 2332 Parmos
597 2273 693 2332 Fusco
715 2273 776 2332 Suo
800 2273 829 2333 S.

204 2411 349 2485 Quanam,
370 2415 652 2491 quemadmodum
669 2420 701 2472 in
725 2415 831 2474 Tuscis
849 2416 931 2474 diem
950 2423 1070 2475 aestate

163 2524 329 2601 disponam.

204 2635 333 2714 Evigilo,
377 2657 444 2694 cum
488 2637 588 2710 libuit,
624 2638 803 2716 plerumque
845 2641 923 2696 circa
963 2639 1068 2696 horam

163 2746 299 2818 primam,
314 2764 404 2820 saepe
419 2752 500 2816 ante,
515 2744 631 2802 tardius
652 2766 725 2803 raro.
769 2746 894 2804 Clausae
914 2747 1070 2806 fenestrae

162 2862 297 2912 manent.
342 2855 420 2912 Mire
435 2861 517 2913 enim
531 2856 653 2914 silentio
668 2866 700 2915 et
714 2859 849 2915 tenebris
870 2858 908 2914 ab
929 2861 1070 2934 iia,q11ae

163 2972 300 3036 avocant,
309 2966 457 3023 abductus
472 2975 504 3024 et
518 2963 638 3025 liberet
652 2968 727 3025 mihi
742 2968 878 3040 relictuS,
888 2989 950 3025 non
964 2968 1069 3027 oculos

163 3079 263 3131 animo
285 3075 339 3132 sed
362 3080 496 3134 animum
521 3078 614 3136 oculis
640 3098 758 3156 sequor,
779 3084 832 3156 qui
853 3079 960 3137 eadem
989 3100 1069 3156 quae

317 3213 324 3272 ¹.
343 3214 433 3262 Araro
445 3214 481 3274 D,
494 3216 583 3264 Aram
591 3232 636 3278 pr,
651 3215 736 3266 Orno
747 3235 774 3278 a,
788 3219 875 3268 Anam
888 3219 921 3267 K.

166 3305 222 3379 258
