2334 3686
360 255 449 313 THE
478 256 662 314 LETTERS
691 257 746 315 OF
776 257 903 314 PLINY

178 419 210 472 in
231 436 264 474 re
285 417 324 475 ad
347 415 521 502 exemplum
546 420 725 492 pertinenti,
754 417 816 474 dixi
844 421 966 494 utrique
995 421 1085 494 parti,

180 518 214 568 ut
234 512 473 588 postulationum
494 497 615 568 suarum
636 510 755 568 libellos
775 511 893 570 darent.
937 511 1086 569 Volebam

178 608 260 662 enim
282 614 315 662 te
339 610 472 681 ipsorum
496 608 686 680 potissimum
710 606 810 664 verbis
834 625 879 677 ea,
899 625 977 682 quae
997 613 1087 663 erant

178 705 340 776 proposita,
355 719 546 776 cognoscere.
591 699 632 757 Et
647 698 728 756 Dion
743 699 865 777 quidem
888 719 920 757 se
942 700 1086 758 daturum

178 793 256 851 dixit
273 802 306 852 et
324 793 491 869 Eumolpus
509 792 667 869 respondit
682 794 909 870 complexurum
924 814 956 851 se
970 793 1086 865 libello,

178 908 255 965 quae
277 886 461 966 reipublicae
482 895 614 962 peteret,
629 895 776 958 ceterum,
791 887 872 965 quod
891 887 929 945 ad
949 887 1086 964 sepultos

177 986 357 1058 pertineret,
371 1001 433 1038 non
446 989 652 1038 accusatorem
667 1001 710 1051 se,
724 981 779 1040 sed
799 981 979 1040 advocatum
1002 981 1087 1039 Flavi

178 1074 335 1152 Archippi,
350 1079 434 1133 cuius
448 1074 593 1132 mandata
610 1074 794 1150 pertulisset.
838 1075 1020 1152 Archippus,
1037 1081 1087 1132 cui

177 1168 345 1246 Eumolpus
359 1173 438 1226 sicut
453 1168 596 1226 Prusiade
615 1169 792 1240 adsistebat,
807 1169 886 1232 dixit
899 1189 932 1227 se
946 1170 1086 1228 libellum

177 1263 328 1321 daturum.
372 1263 510 1321 At1nee
532 1263 699 1339 Eumolpus
720 1283 778 1320 nec
799 1263 972 1340 Archippus
993 1284 1086 1341 quam

178 1356 314 1434 plurimis
341 1357 450 1415 diebus
478 1361 656 1433 exspectati,
676 1356 775 1414 adhuc
795 1357 870 1414 mihi
891 1356 1010 1415 libellos
1031 1359 1086 1415 de-

177 1451 310 1520 derunt;
332 1451 414 1508 Dion
428 1451 525 1522 dedit,
540 1471 631 1529 quem
646 1450 716 1522 huic
731 1451 880 1528 epistulae
895 1455 987 1509 iunxi.

219 1546 288 1620 lpse
324 1549 356 1601 in
384 1565 416 1602 re
443 1550 599 1621 praesenti
627 1544 670 1602 fui
700 1555 733 1604 et
760 1545 822 1602 vidi
850 1554 935 1603 tuam
963 1566 1085 1623 quoque

178 1648 309 1698 statuam
337 1644 369 1697 in
397 1639 582 1698 bibliotheca
609 1644 749 1716 positam,
769 1640 802 1697 id
829 1649 944 1712 autern,
964 1644 997 1696 in
1024 1661 1086 1718 quo

177 1734 321 1792 dicuntur
339 1734 451 1811 sepulti
471 1733 548 1791 filius
569 1743 601 1792 et
622 1754 697 1791 uxor
719 1734 834 1806 Dionis,
850 1739 881 1791 in
902 1755 972 1793 area
993 1735 1086 1792 collo-

177 1837 288 1900 catum,
304 1847 381 1905 quae
396 1829 561 1904 porticibus
576 1828 749 1886 includitur.
792 1828 846 1899 Te,
856 1828 988 1900 domine,
1001 1849 1085 1906 rogo,

177 1930 212 1979 ut
240 1943 289 1979 me
317 1927 348 1979 in
373 1922 431 1979 hoc
453 1927 614 2000 praecipue
636 1942 750 2000 genere
772 1927 954 2000 cognitionis
976 1925 1086 2000 regere

177 2016 321 2093 digneris,
350 2037 417 2074 cum
453 2017 565 2095 alioqui
600 2038 711 2094 magna
746 2020 785 2074 sit
820 2022 1018 2095 exspectatio,
1050 2027 1086 2076 ut

177 2130 301 2168 necesse
316 2118 363 2168 est
382 2115 413 2168 in
431 2132 467 2169 ea
487 2131 529 2182 re,
545 2131 622 2188 quae
645 2120 677 2170 et
697 2116 729 2169 in
752 2111 923 2170 confessum
944 2117 1031 2170 venit
1054 2121 1087 2170 et

177 2204 324 2281 exemplis
338 2204 525 2276 defenditur,
540 2206 717 2264 deliberare.

556 2417 703 2475 LXXXII

491 2541 645 2599 Thamnus
668 2541 772 2597 Primo

218 2659 358 2718 Porursrr
395 2682 456 2718 non
494 2661 631 2732 haerere,
665 2665 708 2717 mi
743 2660 884 2718 Secunde
919 2663 1087 2734 carissime,

178 2755 257 2808 circa
278 2751 309 2808 id
334 2751 373 2807 de
399 2772 459 2829 quo
480 2771 529 2808 me
559 2750 779 2808 consulendum
801 2754 990 2821 existimasti,
1013 2771 1087 2809 cum
1150 2739 1151 2767 ³

178 2845 366 2916 propositum
399 2861 501 2897 meum
537 2845 652 2917 optime
687 2860 790 2898 nosses
826 2860 888 2896 non
924 2861 961 2898 ex
997 2851 1087 2900 metu

455 2944 464 2975 ¹
481 2952 511 2994 at
522 2945 652 3007 Sohoefer,
667 2948 707 2996 ita
717 2963 743 3004 a,
757 2946 807 2996 Aa

210 3072 223 3094 ⁰
240 3062 281 3113 ie.
296 3061 323 3112 of
341 3063 387 3111 the
404 3063 545 3127 emperor’s
561 3068 650 3112 statue
668 3063 746 3128 being
764 3064 791 3112 in
808 3063 855 3113 the
872 3079 944 3113 samo
961 3062 1089 3130 building

178 3126 245 3175 with
256 3126 324 3176 dead
336 3127 434 3176 bodies.

181 3193 238 3266 386
