2354 3802
350 358 439 416 THE
467 357 650 416 LETTERS
678 358 733 416 OF
762 358 888 415 PLINY

168 535 246 592 quae
260 515 416 592 legentem
432 515 623 586 fefellissent,
637 515 874 574 transferentem
888 516 995 592 fugere
1010 537 1074 573 non

167 665 301 732 possunt.
334 655 551 733 Intellegentia
565 676 603 714 ex
617 657 674 714 hoc
689 665 722 714 et
734 657 879 714 iudicium
893 657 1071 734 adquiritur.

209 797 293 854 Nihil
327 797 455 870 offuerit,
489 818 566 875 quae
601 797 711 874 legeris
745 797 904 869 hactenuS,
938 806 973 857 ut
1008 818 1073 855 rem

166 946 441 1016 argumentumque
476 947 592 1009 teneas,
627 943 711 1015 quasi
750 939 903 997 aemulum
940 939 1073 997 scribere

167 1078 315 1155 lectisque
330 1078 467 1136 conferre
482 1097 517 1134 ac
539 1076 644 1135 sedulo
665 1082 829 1154 pensitare,
843 1077 917 1155 quid
938 1086 983 1149 tu,
998 1077 1073 1154 quid

167 1218 219 1277 ille
239 1218 431 1276 commodius.
476 1219 589 1294 Magna
611 1217 784 1294 gratulatio,
800 1223 824 1276 si
842 1237 905 1275 non
922 1217 1005 1275 nulla
1026 1225 1073 1289 tu,

167 1378 295 1436 magnus
309 1358 415 1435 pudor,
431 1363 455 1415 si
470 1364 580 1416 cuneta
593 1358 646 1416 ille
660 1358 777 1417 melius.

209 1507 328 1564 Licebit
350 1505 504 1564 interdum
527 1514 560 1563 et
583 1509 739 1590 notissima
761 1505 875 1583 eligere
897 1513 930 1564 et
954 1514 1072 1597 certare

167 1669 236 1706 cum
251 1647 365 1706 electis,
409 1645 517 1704 Audax
532 1645 617 1717 haec,
633 1666 694 1703 non
716 1654 819 1704 tamen
841 1647 987 1722 improba,
1001 1651 1073 1724 quia

167 1795 284 1846 secreta
307 1790 484 1856 contentio;
514 1806 695 1864 quamquam
717 1787 829 1845 multos
849 1787 986 1846 videmus
1008 1792 1073 1847 eius

166 1929 249 1986 modi
263 1931 429 1986 certamina
442 1929 499 1985 sibi
508 1947 576 1984 cum
590 1927 686 1985 multa
700 1927 789 1986 laude
798 1931 970 2004 sumpsisse,
984 1947 1073 2005 quos-

168 2090 227 2148 que
250 2070 393 2147 subsequi
417 2073 489 2128 satis
517 2069 681 2139 habebant,
706 2069 778 2128 dum
807 2090 869 2127 non
897 2069 1072 2146 desperant,

166 2213 372 2267 antecessisse.

210 2350 336 2421 PoteriS,
347 2360 379 2409 et
388 2371 465 2428 quae
481 2350 603 2422 dixeriS,
618 2359 686 2429 post
700 2351 882 2408 oblivionem
897 2360 1072 2423 retractare,

167 2492 263 2550 multa
277 2495 420 2562 retinere,
436 2492 522 2568 plura
543 2496 681 2562 transire,
696 2492 755 2548 alia
775 2494 999 2564 interscribere,
1014 2493 1073 2550 alia

168 2633 340 2691 rescribere.
386 2632 581 2690 Laboriosum
595 2632 678 2691 istud
699 2640 732 2691 et
752 2633 854 2690 taedio
868 2606 1003 2708 plenum,
1018 2632 1073 2690 sed

169 2773 346 2832 difficultate
360 2778 425 2850 ipsa
439 2773 637 2844 fructuosum,
653 2773 836 2831 recalescere
852 2793 889 2832 ex
904 2778 1026 2850 integro
1040 2782 1073 2832 et

168 2935 321 2972 resumere
346 2919 495 2990 impetum
525 2913 655 2971 fractum
683 2917 896 2990 omissumque,
918 2921 1074 2990 postremo

168 3066 245 3103 nova
273 3046 358 3105 velut
385 3047 521 3104 membra
548 3054 671 3123 peracto
699 3051 814 3122 corpori
846 3051 984 3104 intexere
1015 3066 1073 3104 nec

169 3185 273 3235 tamen
287 3180 386 3253 priora
400 3177 530 3234 turbare.

172 3314 215 3360 22·
