2334 3686
341 253 431 311 THE
462 251 646 310 LETTERS
674 251 729 310 OF
759 253 885 311 PLINY

158 412 288 466 civitatis
302 408 403 484 legem
418 417 512 486 puto;
534 409 649 467 scilicet
663 410 806 469 adversus
820 431 881 482 eoS,
903 417 954 490 qui
977 417 1067 472 inviti

158 527 236 584 fiunt
263 527 451 598 decuriones,
479 527 510 585 id
539 532 679 586 existimo
706 538 835 602 acturos,
864 539 899 589 ut
927 537 1066 609 erogatio

159 652 270 706 ceteris
284 646 483 724 praeferatur.

564 905 662 964 CXIV

338 1063 369 1120 C.
395 1063 515 1121 Planius
536 1062 675 1121 Tnarauo
697 1064 885 1122 Iuennxronr

200 1220 292 1290 Laos,
328 1222 460 1291 domine,
496 1221 649 1298 Pompeia,
682 1227 861 1298 permissum
895 1223 1069 1301 Bithynicis

160 1339 333 1395 civitatibus
356 1338 527 1395 adscribere
551 1338 616 1408 sibi,
638 1357 712 1414 quos
733 1337 858 1408 vellent,
880 1341 969 1410 civeS,
993 1339 1070 1398 dum

159 1474 198 1510 ne
221 1474 314 1531 quem
336 1474 440 1510 earum
463 1453 640 1510 civitatum1
664 1473 740 1531 quae
764 1461 835 1510 sunt
856 1457 889 1509 in
911 1453 1067 1531 Bithynia.

160 1569 276 1626 Eadem
290 1569 359 1645 lege
375 1573 517 1640 sancitur,
532 1569 640 1645 quibus
654 1568 694 1626 de
712 1572 807 1625 causis
829 1588 845 1625 e
867 1577 975 1627 senatu
995 1591 1068 1628 cen-

159 1684 274 1741 soribus
297 1687 451 1740 eiciantur.
497 1683 573 1740 Inde
598 1703 647 1740 me
673 1683 796 1761 quidam
825 1703 862 1740 ex
891 1687 1067 1743 censoribus

160 1797 378 1855 consulendum
403 1805 598 1874 putaverunt,
622 1818 661 1853 an
686 1801 784 1854 eicere
809 1797 960 1856 deberent
985 1817 1067 1870 eum,

159 1917 211 1990 qui
240 1921 320 1971 essct
348 1913 471 1969 alterius
507 1916 644 1970 civitatis,
702 1911 777 1988 Ego,
806 1917 876 1989 quia
910 1913 960 1971 lex
988 1919 1068 1972 sicut

159 2027 288 2084 adscribi
310 2031 407 2085 civem
428 2026 561 2085 alienum
580 2028 713 2098 vetabat,
728 2032 771 2085 ita
790 2032 846 2086 eici
864 2049 881 2085 e
899 2038 1007 2087 senatu
1028 2031 1069 2088 ob

160 2143 239 2199 hanc
253 2161 372 2199 causam
387 2162 449 2198 non
463 2143 597 2214 iubebat,
609 2150 767 2218 praeterea
781 2147 851 2220 quia
864 2144 903 2200 ab
917 2143 1068 2221 aliquibus

160 2257 374 2315 adfirmabatur
401 2256 485 2328 mihi,
513 2261 545 2314 in
574 2261 657 2314 omni
682 2261 804 2314 civitate
832 2257 977 2334 plurimos
999 2280 1068 2318 esse

161 2370 300 2428 buleutas
326 2391 363 2427 ex
387 2371 452 2428 aliis
480 2372 661 2442 civitatibus
687 2370 883 2448 futurumque
915 2380 950 2429 ut
977 2373 1068 2430 multi

161 2486 298 2544 homines
312 2485 488 2562 multaeque
506 2489 644 2542 civitates
666 2494 902 2544 concuterentur
921 2507 956 2544 ea
977 2492 1068 2564 parte

161 2603 247 2678 legis,
262 2620 339 2678 quae
362 2600 541 2676 iampridem
560 2621 708 2659 consensu
726 2602 856 2680 quodam
876 2603 1069 2673 exolevisset‚

162 2719 363 2774 necessarium
378 2720 546 2773 existimavi
561 2697 717 2774 consulere
735 2725 778 2788 te,
793 2717 866 2795 quid
886 2719 1069 2778 servandum

162 2831 292 2899 putares.
336 2822 442 2898 Capita
455 2823 532 2900 legis
546 2823 593 2879 his
607 2824 718 2880 litteris
732 2825 853 2881 subieci.

195 2957 203 2987 1
220 2957 283 3005 dum
295 2973 417 3021 nequem
430 2974 519 3006 earum
532 2958 593 3016 civ„
608 2958 640 3018 B,
654 2957 715 3006 durn
732 2975 816 3022 neque
828 2975 928 3008 rnenun
940 2960 1003 3019 civ.,
1015 2961 1066 3011 Au.

513 3082 526 3104 ⁴²
543 3073 626 3124 lxxix.
641 3079 710 3125 note.

162 3207 220 3259 422
