2352 3802
344 388 433 446 THE
463 389 645 450 LETTERS
675 392 730 450 OF
759 392 886 450 PLlNY

575 622 648 681 XLI

342 767 373 825 C.
399 767 518 825 Pnnuus
538 768 677 827 Tuarsuo
699 770 887 827 luranirour

201 912 349 969 luruuum
364 912 438 969 mihi
461 921 493 971 et
518 913 658 972 fortunae
683 923 754 973 tuae
778 923 811 974 et
833 919 925 972 animi
948 921 1067 994 magni·

158 1022 299 1080 tudinem
334 1025 653 1082 convenientissimum
694 1026 815 1084 videtur
856 1027 1066 1084 demonstrare

159 1152 251 1209 opera
264 1152 326 1189 non
340 1137 440 1190 minus
453 1139 638 1193 aeternitate
660 1143 714 1193 tua
736 1155 826 1212 quam
851 1136 946 1212 gloria
971 1136 1066 1214 digna

158 1256 366 1326 quantumque
381 1247 614 1324 pulchritudinis
628 1258 747 1307 tantam
761 1250 901 1308 utilitatis
914 1249 1064 1309 habitura.

159 1358 215 1416 Est
248 1362 281 1414 in
309 1358 577 1415 Nicomedensium
606 1357 716 1417 finibus
743 1359 943 1436 amplissimus
970 1359 1064 1417 lacus.

159 1469 216 1527 Per
230 1469 311 1528 hunc
325 1487 483 1540 marmora,
497 1468 623 1540 fructus,
638 1470 730 1547 ligna,
741 1475 886 1529 materiae
896 1479 929 1528 et
939 1479 1065 1548 sumptu

156 1579 276 1637 modico
310 1588 344 1638 et
371 1579 473 1637 labore
502 1600 597 1658 usque
632 1580 671 1638 ad
707 1585 785 1639 viam
820 1582 955 1652 navibus,
990 1580 1065 1640 inde

157 1711 268 1767 magno
295 1691 408 1762 labore,
432 1695 544 1748 maiore
566 1692 722 1768 impendio
744 1691 889 1750 vehiculis
913 1692 952 1749 ad
979 1712 1065 1750 mare

156 1800 371 1859 devehuntur.l
415 1801 522 1878 ltaque
537 1807 612 1858 mari
626 1807 817 1862 committere
832 1807 966 1880 cupiunt.
992 1804 1065 1861 Hoc

155 1933 231 1989 opus
245 1913 357 1971 multas
370 1932 477 1970 manus
498 1917 615 1989 poscit;
636 1922 668 1972 at
682 1914 740 1972 hae
754 1934 843 1991 porro
857 1935 918 1972 non
939 1915 1062 1974 desunt.
1163 1957 1164 1976 i

158 2026 235 2085 Nam
250 2031 328 2084 etin
342 2031 421 2102 agris
435 2045 546 2102 magna
561 2031 646 2103 copia
658 2035 705 2084 est
714 2027 871 2085 hominum
885 2034 918 2084 et
931 2032 1064 2084 maxima

155 2143 187 2195 in
208 2143 340 2211 civitate,
356 2147 499 2216 certaque
514 2159 582 2216 spes
601 2159 706 2197 omnes
723 2139 923 2198 libentissime
938 2159 1063 2215 aggres-

156 2273 238 2311 suros
253 2273 328 2329 opus
342 2254 482 2311 omnibus
497 2253 694 2310 fructuosum.

196 2358 352 2436 Superest,
373 2369 407 2418 ut
429 2368 464 2418 tu
486 2360 662 2417 libratorem
675 2359 724 2417 vel
738 2359 949 2429 architectum,
964 2363 989 2416 si
1003 2359 1063 2416 tibi

155 2466 315 2537 videbitur,
330 2471 444 2538 mittas,
459 2471 510 2544 qui
526 2467 692 2544 diligenter
713 2466 860 2543 exploret,
875 2469 955 2523 sitne
976 2465 1063 2524 lacus
1134 2441 1139 2450 ι

153 2573 242 2630 altior
255 2577 340 2645 mari,
355 2594 445 2650 quem
460 2573 589 2630 artifices
610 2577 742 2648 regionis
755 2571 845 2629 huius
859 2572 1063 2649 quadraginta

154 2680 264 2737 cubitis
288 2679 427 2737 altiorem
450 2699 516 2737 esse
538 2679 737 2737 contendunt.
781 2678 847 2755 Ego
875 2698 930 2755 per
951 2678 1062 2736 eadem

154 2787 218 2842 loca
233 2789 355 2843 invenio
369 2785 478 2842 fossam
493 2807 511 2841 a
531 2805 604 2861 rege
626 2805 807 2861 percussam,
822 2785 876 2842 sed
898 2789 1063 2858 incertum,

155 2900 255 2950 utrum
280 2892 319 2949 ad
347 2891 550 2970 colligendum
587 2892 746 2950 humorem
780 2895 1062 2963 circumiacentium

152 3020 291 3075 agrorum
320 3019 358 3055 an
387 2998 426 3056 ad
453 3000 706 3058 committendum
730 2998 844 3056 flumini
867 2999 989 3068 lacum3
1012 3009 1063 3059 est

153 3107 234 3162 enim
258 3103 444 3182 imperfecta.
489 3105 558 3162 Hoc
583 3125 703 3184 quoque
726 3106 862 3176 dubium,
885 3110 1063 3183 intercepto

300 3236 309 3266 ¹
325 3235 512 3288 devehuntur.
529 3272 535 3288 .
551 3272 557 3285 .
572 3237 693 3292 lacunam
704 3237 782 3292 indic.
797 3237 902 3288 Mriller.

155 3354 213 3411 330
