2362 3794
319 369 408 428 THE
436 369 621 429 LETTERS
651 370 706 429 OF
735 369 862 428 PLINY

540 577 646 634 XXIV

357 727 388 784 C.
413 727 534 785 Pnuuus
555 727 684 784 Maxruo
708 727 768 785 Suo
794 726 822 784 S.

178 874 272 931 Auoa
286 879 318 931 in
332 883 365 933 te
378 895 465 932 meus
487 879 578 952 cogit,
593 896 655 933 non
676 884 711 933 ut
730 879 912 952 praecipiam
928 878 1041 953 (neque

137 959 219 1012 enim
233 964 430 1032 praeceptore
455 959 550 1033 eges),
565 957 745 1014 admoneam
766 964 879 1028 tamen,
903 964 945 1026 ut,
963 977 1042 1034 quae

138 1041 204 1108 scis,
218 1045 325 1094 teneas
340 1046 373 1095 et
387 1039 527 1096 observes
542 1046 595 1096 aut
610 1043 685 1095 scias
699 1039 815 1096 melius.

179 1118 286 1194 Cogita
308 1127 341 1176 te
363 1124 487 1176 missum
512 1124 544 1176 in
568 1124 752 1196 provinciam
777 1118 934 1190 Achaiam,
959 1119 1042 1175 illam

137 1219 239 1257 veram
268 1207 301 1257 et
323 1220 437 1258 meram
462 1201 630 1272 Graeciam,
649 1205 681 1258 in
700 1221 759 1279 qua
780 1205 910 1277 primum
934 1201 1042 1257 huma-

138 1285 227 1352 nitas,
241 1281 373 1353 litterae,
388 1286 480 1340 etiam
499 1281 602 1358 fruges
624 1287 766 1340 inventae
782 1302 847 1340 esse
862 1281 1041 1352 creduntur,

138 1367 262 1420 missum
285 1363 323 1420 ad
341 1363 543 1420 ordinandum
562 1371 675 1421 statum
697 1363 858 1421 liberarum
874 1367 1042 1433 civitatum,

139 1443 233 1502 idest
254 1444 294 1501 ad
314 1445 461 1502 homines·
477 1449 606 1502 maxime
631 1444 779 1516 homines,
800 1445 838 1501 ad
857 1445 966 1501 liberos
981 1465 1043 1500 ma-

139 1529 219 1582 xime
234 1526 354 1596 liberos,
377 1529 429 1604 qui
444 1531 489 1584 ius
504 1547 521 1583 a
538 1534 646 1584 natura
663 1527 769 1583 datum
781 1530 903 1596 virtute,
915 1528 1042 1596 meritiS,

138 1610 280 1677 amicitia,
294 1606 418 1665 foedere
427 1607 560 1684 denique
575 1614 608 1665 et
622 1607 769 1684 religione
783 1614 959 1665 tenuerunt.

182 1687 331 1745 Reverere
360 1689 532 1747 conditores
568 1689 641 1746 deos
676 1697 709 1746 et
743 1693 869 1746 numina
902 1688 1042 1758 deorum,

140 1788 279 1826 reverere
294 1769 420 1846 gloriam
435 1779 571 1828 veterem
596 1778 628 1828 et
641 1771 720 1827 hanc
729 1775 825 1847 ipsam
840 1777 1042 1841 senectutem,

139 1871 217 1927 quae
232 1855 264 1906 in
273 1850 396 1909 homine
410 1851 600 1922 venerabilia,
610 1856 642 1908 in
653 1852 776 1909 urbibus
788 1872 877 1908 sacra.
901 1850 948 1908 Sit
962 1850 1044 1927 apud

139 1940 172 1988 te
186 1931 283 1989 honor
299 1937 485 2010 antiquitati,
502 1937 542 1990 sit
566 1934 743 2009 ingentibus
762 1932 860 2003 factis,
881 1937 921 1990 sit
934 1931 1044 1989 fabulis

140 2033 268 2090 quoque.
314 2014 398 2071 Nihil
428 2035 465 2072 ex
494 2019 669 2092 cuiusquam
697 2015 860 2091 dignitate,
877 2013 967 2094 ⁸nihil
1004 2033 1042 2070 ex

140 2094 292 2166 libertate,
307 2094 382 2151 nihil
397 2115 434 2152 ex
449 2100 612 2153 iactatione
627 2095 821 2172 decerpseris
868 2095 956 2152 Habe
971 2102 1044 2151 ante

140 2176 241 2233 oculos
256 2176 335 2232 hanc
345 2196 410 2234 esse
421 2185 543 2248 terram,
554 2197 631 2254 quae
646 2177 732 2234 nobis
746 2181 863 2234 miserit
877 2181 950 2247 iura,
966 2195 1044 2253 quae

141 2256 225 2332 leges
248 2277 311 2314 non
333 2262 429 2330 victis,
458 2259 512 2316 sed
540 2259 717 2333 petentibus
745 2257 876 2328 dederit,
905 2257 1045 2314 Athenas

141 2358 216 2408 esse,
240 2358 313 2416 quas
338 2339 438 2410 adeas,
459 2338 720 2397 Lacedaemonem
735 2359 812 2410 esse,
826 2359 917 2416 quam
937 2357 1045 2414 regas3

140 2420 249 2496 quibus
263 2420 410 2497 reliquam
419 2423 555 2478 umbram
565 2428 597 2478 et
606 2420 759 2478 residuum
768 2421 918 2478 libertatis
933 2439 1044 2476 nornen
1128 2463 1131 2468 .

141 2504 258 2576 eripere
270 2501 388 2573 durum,
398 2501 507 2573 ferum,
515 2503 674 2559 barbarum
684 2509 739 2559 est.
770 2502 862 2559 Vides
877 2522 894 2557 a
908 2500 1045 2571 mediciS,

174 2707 186 2730 ⁰
203 2701 305 2750 Achaia
316 2701 338 2750 is
350 2717 379 2750 so
390 2701 476 2750 called
487 2702 514 2750 in
527 2705 646 2750 contrast
663 2705 692 2750 to
709 2701 756 2750 the
772 2700 898 2766 province
915 2699 942 2747 oi
959 2699 1046 2747 Mace-

141 2765 229 2826 donia,
254 2770 303 2815 uot
325 2766 386 2830 only
409 2783 438 2816 as
457 2767 593 2831 including
610 2771 679 2817 most
696 2766 724 2816 oi
746 2765 844 2816 Graece
868 2781 973 2829 proper,
995 2763 1047 2812 but

140 2829 251 2880 because
263 2832 285 2880 it
297 2832 437 2881 contained
450 2832 554 2881 Athens
565 2831 617 2880 and
630 2831 733 2896 Sparta.

174 2895 242 2945 lac.
264 2897 390 2961 enjoying
407 2898 524 2946 nominal
544 2897 750 2961 independence,
772 2895 825 2944 and
848 2911 920 2944 nrore
943 2911 972 2943 or
995 2894 1048 2943 less

141 2965 285 3026 autonomy
297 2963 381 3011 under
393 2963 495 3012 Roman
507 2963 572 3012 rule.

175 3026 242 3076 Ἣ,
259 3027 304 3076 the
318 3028 422 3077 “Laws
435 3028 462 3076 ol
479 3028 525 3077 the
543 3028 649 3077 Twelve
667 3027 761 3078 Tables
770 3027 785 3050 ”
804 3028 912 3086 (451-50
929 3028 994 3085 aa.)
1013 3041 1047 3074 on

142 3091 229 3141 which
251 3092 298 3142 the
322 3093 407 3142 whole
434 3093 462 3143 oi
484 3093 587 3142 Roman
613 3095 679 3156 juris
700 3093 814 3142 rudence
843 3109 897 3142 was
919 3089 1043 3140 founded.

141 3155 269 3207 Previous
292 3163 321 3208 to
348 3158 463 3223 franring
491 3159 545 3207 this
574 3157 646 3217 code,
671 3109 718 3206 the
746 3158 863 3207 Romans
891 3161 950 3206 sent
978 3171 1046 3205 com-

142 3224 293 3272 missionem
304 3229 334 3274 to
345 3223 427 3288 study
439 3224 485 3273 the
497 3224 562 3274 laws
574 3223 601 3272 oi
613 3224 659 3274 the
670 3223 740 3273 chioi
751 3223 840 3275 Greek
852 3224 935 3273 citias.

91 3319 99 3334 ”
147 3317 202 3372 168
