2362 3794
346 374 435 432 THE
464 373 647 432 LETTERS
676 371 730 431 OF
760 371 886 430 PLINY

165 537 257 589 ctiam
282 532 393 589 litteris
420 535 503 608 ipsis,
527 551 605 608 quae
630 551 667 588 ex
696 530 830 608 periculo
858 533 922 586 eius
950 535 1074 585 tantum

164 638 327 695 discrimen
348 637 499 707 adierunt,
521 643 669 713 quantum
691 655 728 694 ex
750 635 847 693 salute
868 635 982 711 gloriae
1005 653 1076 690 con-

164 752 339 821 sequentur.
384 743 467 800 Vale.

563 919 672 976 XXIII

388 1064 419 1122 C.
445 1063 566 1122 Punuus
588 1051 717 1120 Maximo
739 1063 800 1121 Suo
823 1063 852 1122 S.

206 1209 410 1276 Fauouuursa
437 1213 543 1286 agenti
571 1209 647 1266 mihi
675 1215 788 1280 evenit,
818 1216 853 1266 ut
878 1211 1073 1279 centumviri,

164 1350 233 1387 cum
248 1330 300 1387 diu
324 1349 356 1387 se
378 1333 459 1386 intra
480 1328 615 1386 iudicum
637 1333 852 1387 auctoritatem
874 1332 1073 1405 gravitatem-

167 1470 226 1528 que
248 1453 430 1520 tenuissent,
445 1469 551 1506 omnes
570 1457 699 1525 repente
717 1454 802 1526 quasi
822 1454 894 1507 victi
913 1453 1072 1525 coactique

165 1575 385 1646 consurgerent
399 1568 642 1646 laudarentquc;
662 1568 841 1646 frequenter
855 1589 872 1627 e
896 1577 1003 1627 senatu
1026 1567 1072 1624 fa-

163 1708 255 1760 mam,
269 1688 390 1766 qualem
404 1693 535 1763 maxime
557 1696 742 1765 optaveram,
757 1689 863 1747 rettuli
876 1709 884 1758 ;
903 1706 1072 1765 numquam

163 1815 268 1864 tamen
296 1811 441 1865 maiorem
470 1812 538 1885 cepi
566 1808 768 1884 voluptatem,
792 1828 882 1885 quam
910 1826 1008 1884 nuper
1032 1826 1072 1864 ex

164 1945 303 1983 sermone
332 1927 453 1984 Corneli
482 1926 588 1984 Taciti.
644 1927 796 1984 Narrabat
824 1926 938 1984 sedisse
966 1945 1073 1983 secum

163 2046 347 2102 circensibus
362 2049 506 2121 proximis
521 2049 657 2123 equitem
673 2045 850 2104 Romanum.
891 2045 986 2102 Hunc
1000 2053 1074 2121 post

162 2167 260 2220 varios
276 2164 471 2242 eruditosque
487 2184 640 2222 sermones
659 2168 838 2242 requisisse:
859 2163 1005 2222 ‘Italicus
1027 2182 1072 2233 εε,

163 2301 202 2337 an
216 2282 438 2358 proviucialis?’
451 2282 490 2341 Se
501 2283 706 2362 respondisse:
717 2283 824 2342 ‘Nosti
832 2302 882 2342 me
898 2291 931 2341 et
945 2282 1071 2361 quidem

166 2415 204 2454 ex
229 2397 356 2455 studiis'
379 2399 429 2456 Ad
443 2399 500 2456 hoc
522 2399 619 2471 illum,
634 2399 776 2457 ‘Tacitus
799 2419 832 2457 es
854 2420 893 2456 an
916 2399 1070 2458 Plinius?'

163 2511 342 2588 Exprimere
371 2534 432 2570 non
457 2533 589 2591 possum,
614 2534 704 2591 quam
727 2517 767 2572 sit
788 2513 955 2572 iucundum
982 2513 1070 2586 mihi,

163 2627 245 2703 quod
272 2633 396 2686 nomina
417 2637 520 2688 nostra
547 2633 631 2706 quasi
656 2629 827 2688 litterarum
851 2635 980 2707 propria,
1003 2651 1069 2689 non
1143 2660 1146 2663 Δ

163 2742 330 2815 hominum,
343 2744 454 2803 litteris
478 2744 659 2815 redduntur,
673 2745 755 2822 quod
780 2753 908 2823 uterque
931 2754 1071 2805 nostrum

161 2858 210 2915 his
240 2863 332 2916 etiam
361 2879 399 2917 ex
427 2860 535 2917 studiis
563 2868 662 2931 notus,
691 2862 801 2937 quibus
828 2861 917 2919 aliter
944 2865 1072 2938 ignotus

164 2982 218 3032 est.

203 3090 326 3149 Accidit
339 3091 422 3149 aliud
435 3100 508 3149 ante
521 3092 665 3169 pauculos
686 3092 752 3150 dies
775 3092 880 3151 simile.
939 3094 1072 3152 Recum-

162 3203 255 3261 bebat
269 3223 389 3263 mecum
398 3209 443 3261 vir
457 3209 608 3282 egregius,
620 3207 729 3266 Fabius
745 3209 879 3280 Rufinus,
891 3229 982 3286 super
997 3229 1071 3269 eum

166 3315 222 3369 226
