2362 3794
350 348 440 405 THE
468 348 651 407 LETTERS
680 349 734 407 OF
764 346 890 404 PLINY

169 511 404 579 excusationem,
427 528 517 585 quam
546 517 650 565 tamen
678 507 785 566 dubito
806 529 846 564 an
870 509 927 565 tibi
955 507 1075 583 probari

169 613 268 671 velim.
313 614 368 671 Est
404 619 485 671 enirn
520 619 630 672 summi
664 619 772 672 amoris
807 633 919 690 negare
955 618 1076 671 veniam

169 721 309 778 brevibus
349 721 486 797 epistulis
522 726 697 792 amicorum,
733 725 868 799 quamvis
904 725 980 778 scias
1016 720 1077 778 illis

169 837 308 888 constare
322 834 479 888 rationem.
523 829 606 886 Vale.

600 1065 646 1121 Ill

389 1224 420 1281 C.
445 1224 565 1280 Pmnuus
589 1224 722 1280 Paumuo
744 1223 805 1282 Suo
828 1223 857 1282 S.
881 1201 884 1208 Ι

210 1385 302 1441 Amos
324 1385 425 1455 aliurn,
441 1404 498 1460 ego
520 1385 727 1442 beatissimum
743 1388 891 1454 existimo,
906 1388 957 1460 qui
979 1385 1078 1441 bonae

170 1514 388 1571 mansuraeque
403 1494 501 1551 famae
516 1499 762 1571 praesumptione
777 1465 1078 1572 perfruiturcertus-

169 1626 229 1683 que
253 1610 439 1681 posteritatis
462 1627 531 1663 cum
555 1606 657 1664 futura
682 1607 777 1683 gloria
799 1611 881 1664 vivit.
926 1607 971 1662 Ac
1001 1607 1077 1663 mihi

169 1721 227 1774 nisi
248 1721 415 1793 praemium
436 1722 626 1775 aeternitatis
647 1726 719 1775 ante
740 1717 852 1788 oculos,
867 1721 981 1793 pingue
1000 1716 1077 1774 illud

96 1846 98 1850 ·
168 1828 325 1906 altumque
353 1833 449 1886 otium
477 1829 604 1904 placeat.
649 1828 773 1886 Etenim
800 1848 906 1886 omnes
934 1828 1074 1888 homines

168 1941 295 1997 arbitror
309 1948 449 2016 oportere
464 1948 517 1997 aut
538 1939 797 1997 immortalitatem
819 1959 903 1996 suam
922 1947 976 1996 aut
996 1959 1075 2006 mor·
1155 1943 1156 1992 l

168 2051 320 2108 talitatem
335 2054 478 2126 cogitare,
494 2059 527 2108 et
547 2050 614 2107 illos
635 2049 759 2127 quidem
775 2048 973 2119 contendere,
990 2052 1075 2117 eniti,
1155 2057 1156 2122 Ῑ

170 2161 225 2219 hos
253 2165 418 2237 quiescere,
444 2145 562 2219 remitti
590 2181 647 2218 nec
682 2162 806 2218 brevem
834 2164 927 2217 vitam
956 2160 1076 2217 caducis
1155 2155 1156 2190 ἶ

170 2273 321 2330 laboribus
342 2271 481 2348 fatigare,
502 2280 537 2329 ut
559 2271 647 2328 video
668 2271 790 2341 multos,
804 2275 913 2328 misera
934 2270 1023 2328 simul
1045 2277 1077 2326 et
1155 2327 1156 2332 ,

170 2388 289 2459 ingrata
304 2386 435 2458 imagine
450 2382 616 2439 industriae
631 2381 670 2438 ad
685 2381 834 2438 vilitatem
848 2385 894 2438 sui
908 2384 1074 2456 pervenire.
1155 2425 1156 2446 ,

111 2507 114 2511 ’
172 2493 259 2550 Haec
281 2513 339 2570 ego
359 2501 472 2564 tecum,
486 2513 564 2571 quae
583 2492 719 2569 quotidie
740 2509 870 2562 mecum,
885 2499 920 2548 ut
941 2490 1077 2548 desinam

171 2625 300 2674 mecum,
316 2609 339 2662 si
361 2604 521 2662 dissenties
543 2612 598 2671 tu;
619 2623 801 2681 quamquam
823 2623 884 2658 non
905 2595 1076 2670 dissenties,

171 2724 207 2773 ut
221 2720 272 2792 qui
287 2735 407 2792 semper
421 2715 534 2772 clarum
548 2713 661 2793 aliquid
679 2722 711 2771 et
726 2713 895 2770 immortale
910 2712 1075 2769 mediteris,

173 2813 257 2870 Vale.

206 2982 218 3004 ‘¹
236 2971 275 3023 cl.
288 2973 412 3038 Oowley:

321 3059 338 3082 ‘⁴
350 3056 431 3105 What
443 3054 511 3104 shall
524 3055 537 3103 I
550 3054 584 3103 do
596 3059 624 3103 to
636 3054 668 3102 be
680 3054 721 3103 ior
733 3071 795 3103 ever
807 3055 913 3112 known,

344 3121 405 3170 And
418 3121 496 3170 make
508 3121 554 3170 the
566 3135 614 3183 age
626 3125 655 3169 to
666 3135 739 3169 come
753 3135 797 3185 my
809 3136 868 3168 own
880 3123 889 3168 i
899 3119 913 3140 '’
