2334 3686
346 353 435 410 THE
463 351 647 411 LETTERS
675 351 730 410 OF
757 351 882 410 PLINY

582 559 652 617 XCI

476 695 630 752 Tauranus
653 693 758 751 Purruo

206 829 256 887 Ur
276 832 412 904 coepisti,
427 827 568 885 Secunde
583 831 743 898 carissime,
759 827 882 904 explora
896 827 1076 904 diligenter,

163 931 202 967 an
223 910 307 967 locus
328 909 390 980 ille,
404 929 495 987 quem
513 917 688 985 suspectum
708 909 811 979 habes,
826 913 976 967 sustinere
996 929 1075 985 opus

163 1011 259 1069 aquae
273 991 384 1049 duetus
398 995 500 1068 possit.
546 991 655 1068 Neque
669 994 752 1048 enim
768 990 971 1048 dubitandum
985 998 1075 1066 puto,
1149 978 1152 1005 ¹

163 1077 237 1151 quin
258 1092 336 1150 aqua
354 1072 549 1149 perducenda
570 1077 610 1130 sit
633 1076 665 1128 in
686 1071 836 1129 coloniam
860 1071 1075 1148 Sinopensem,

164 1159 188 1212 si
205 1155 296 1212 modo
317 1162 351 1212 et
372 1155 483 1211 viribus
504 1157 652 1231 suis'ipsa
672 1153 705 1210 id
725 1153 851 1231 adsequi
873 1161 985 1230 potest,
1002 1173 1075 1210 cum

163 1237 327 1313 plurimum
355 1255 391 1293 ea
417 1255 466 1293 res
500 1244 534 1293 et
570 1235 741 1292 salubritati
769 1243 803 1293 et
829 1235 979 1311 voluptati
1007 1239 1076 1293 eius

163 1317 309 1376 collatura
323 1321 370 1374 sit.

569 1516 655 1574 XCII

340 1652 371 1708 C.
396 1649 517 1708 Primus
538 1650 677 1707 Tnumuo
700 1650 888 1707 lurunuroni

205 1783 409 1841 Amisenonuu
424 1788 528 1842 civitas
542 1792 576 1842 et
589 1784 685 1841 libera
699 1791 732 1841 et
746 1782 903 1842 foederata
921 1784 1074 1842 beneficio

164 1865 374 1942 indulgentiae
389 1874 460 1923 tuae
474 1865 593 1943 legibus
608 1869 669 1922 suis
683 1869 787 1923 utitur.
832 1866 869 1923 In
888 1866 944 1923 hae
963 1866 1072 1924 datum
1149 1932 1152 1941 Ι

162 1947 237 2004 mihi
265 1946 386 2023 publice
415 1947 552 2005 libellum
580 1947 619 2004 ad
648 1966 755 2004 eranos
782 1952 991 2023 pertinentem
1024 1949 1073 2005 his
1148 1952 1152 1969 ¹

162 2028 273 2087 litteris
301 2030 424 2099 subieci,
451 2038 485 2087 ut
512 2037 557 2099 tu,
581 2029 715 2099 domine,
738 2029 912 2105 dispiceres
933 2029 1008 2106 quid
1036 2035 1074 2091 et

162 2118 313 2188 quatenus
357 2118 411 2167 aut
454 2110 696 2187 permittendum
744 2118 798 2168 aut
845 2110 1073 2187 prohibendum

162 2199 294 2268 putares.

567 2351 670 2409 XCIII

476 2486 630 2544 Tnmnuus
654 2487 758 2544 Punuo

203 2622 366 2692 Amsnuos,
377 2641 505 2698 quorum
515 2621 652 2679 libellum
667 2621 815 2698 epistulae
831 2630 903 2680 tuae
917 2628 1072 2695 junxeras,

162 2707 187 2760 si
202 2703 320 2780 legibus
334 2708 472 2773 istorum,
486 2703 595 2780 quibus
609 2703 648 2760 de
669 2703 764 2760 officio
781 2702 912 2760 foederis
930 2713 1073 2777 utuntur,

162 2804 338 2842 concessum
353 2793 401 2842 est
420 2804 547 2842 eranum
567 2784 689 2855 habere,
705 2803 872 2861 possumuS,
886 2804 947 2862 quo
968 2791 1071 2845 minus

162 2866 306 2937 habeant,
320 2886 381 2922 non
401 2865 561 2942 impedIre,
575 2886 612 2923 eo
629 2865 755 2936 faciliuS,
770 2870 795 2923 si
817 2865 871 2923 tali
897 2866 1071 2939 eollatIone‚

162 2968 224 3004 non
238 2948 277 3005 ad
291 2947 395 3005 turbas
410 2955 442 3005 et
461 2947 582 3005 illicitos
599 2956 714 3018 coetus,
729 2946 784 3004 sed
800 2947 839 3004 ad
859 2949 1070 3006 sustinendam

162 3033 335 3086 tenuiorum
357 3033 489 3105 Inopiam
511 3037 648 3087 utuntur.
692 3029 729 3085 ln
751 3032 861 3086 ceteris
885 3031 1070 3102 civitatibus,

162 3130 239 3187 quae
254 3119 357 3168 nostro
370 3114 436 3168 iure
450 3111 614 3168 obstrictae
630 3119 711 3181 sunt,
726 3130 774 3168 res
789 3109 878 3167 huius
895 3110 977 3167 modi
1000 3131 1069 3187 pro-

162 3190 296 3247 hibenda
310 3200 365 3249 est.

166 3299 222 3370 39⁶
