2352 3802
363 373 454 432 THE
482 375 667 435 LE'l'l'ERS
694 377 751 436 OF
780 375 905 435 PLlNY

180 543 310 610 ornabiS,
324 541 465 600 attolles!
506 543 697 622 Quamquam
713 565 775 602 non
789 555 837 603 est
856 567 932 623 opus
952 547 1090 624 adtingas

180 663 363 740 aliquidaut
383 666 522 724 adstruas
533 688 542 735 ;
562 668 683 739 sufficit,
695 689 735 726 ne
756 689 803 740 ea,
817 690 894 746 quae
915 680 989 729 sunt
1010 692 1090 743 vera,

180 792 364 846 minuantur.
408 791 493 848 Vale.

566 1030 701 1087 XXXIV

364 1186 397 1244 C.
423 1186 544 1244 Pennis
564 1188 760 1254 Tannonius)
781 1189 843 1248 Suo
864 1189 893 1247 S.

220 1345 349 1403 Exrucn
377 1355 496 1405 aestum
518 1369 629 1406 meum.
673 1349 774 1407 Audio
796 1369 846 1406 me
869 1348 949 1407 male
971 1349 1089 1426 legere,

178 1477 339 1538 dumtaxat
361 1467 485 1549 versus;
519 1486 673 1540 orationes
699 1485 782 1539 enim
810 1481 1006 1552 commodius,
1031 1483 1087 1540 sed

177 1618 268 1668 tanto
290 1617 391 1668 minus
413 1632 525 1670 versus
569 1613 679 1690 Cogito
700 1633 774 1691 ergo
796 1617 976 1670 recitaturus
999 1613 1086 1671 fami-

179 1743 302 1801 liaribus
315 1749 420 1804 amicis
434 1751 565 1822 experiri
579 1745 724 1804 libertum
738 1766 848 1804 meum.
880 1746 949 1803 Hoc
962 1765 1086 1824 quoque

178 1874 336 1947 familiare,
350 1876 432 1953 quod
447 1877 528 1954 elegi
543 1897 605 1936 non
619 1879 708 1949 bene,
723 1877 777 1936 sed
794 1876 902 1935 melius
922 1877 1086 1949 lecturum,

178 2013 203 2066 si
231 2017 336 2067 tamen
364 2030 427 2067 non
454 2010 549 2069 fuerit
576 2013 779 2088 perturbatus.
837 2011 893 2068 Fst
916 2015 998 2068 enim
1020 2019 1085 2068 tam

177 2159 273 2197 novus
288 2141 385 2199 lector
398 2161 489 2217 quam
503 2163 562 2219 ego
575 2151 675 2220 poeta
719 2143 789 2220 lpse
810 2146 922 2213 nescio,
937 2143 1011 2219 quid
1032 2143 1085 2200 illo

179 2271 305 2348 legente
330 2277 454 2330 interim
482 2272 599 2345 faciam,
625 2274 748 2331 sedeam
776 2274 893 2332 defixus
921 2282 953 2332 et
980 2283 1085 2333 mutus

77 2411 80 2415 '
178 2411 212 2460 et
240 2404 344 2462 similis
372 2409 469 2462 otioso
496 2426 535 2462 an
560 2414 595 2463 ut
616 2406 749 2482 quidam,
764 2424 842 2482 quae
864 2409 1085 2481 pronuntiabit,

177 2556 343 2608 murmure,
358 2539 461 2609 oculis,
476 2558 568 2596 manu
583 2558 755 2616 prosequar.
791 2538 853 2595 Sed
868 2546 943 2615 puto
957 2559 1007 2596 me
1021 2561 1084 2597 non

177 2673 278 2727 minus
307 2671 386 2729 male
414 2672 524 2729 saltare
553 2692 643 2749 quam
671 2672 784 2748 legere.
830 2671 945 2729 lterum
973 2671 1084 2744 dicam,

175 2802 294 2878 explica
302 2811 419 2860 aestum
430 2824 533 2861 meum
547 2823 679 2881 vereque
688 2804 829 2874 rescribe,
840 2821 913 2859 num
922 2805 962 2859 sit
974 2803 1085 2863 melius

176 2938 306 3009 pessime
328 2934 431 3011 legere
452 2956 543 3013 quam
565 2941 624 2994 ista
640 2936 687 2993 vel
709 2956 771 2994 non
793 2934 892 2992 facere
908 2934 955 2991 vel
971 2934 1082 2997 facere.

178 3064 260 3122 Vale.

182 3310 238 3382 256
