2354 3802
326 334 415 393 THE
443 331 627 392 LETTERS
654 330 709 390 OF
739 329 866 388 PLINY

144 503 266 556 tantum
287 494 411 552 umbrae
432 499 579 570 quantum
601 490 723 548 luminis
742 489 843 547 habet.
887 487 937 545 Sic
951 487 1055 564 paula-

145 625 202 680 tim
226 619 327 677 lucem
351 617 431 676 ferre
453 615 602 674 condisco.
647 615 805 672 Balineum
826 612 961 684 adsumo,
980 617 1054 689 quia

148 743 283 820 prodest,
306 746 419 812 vinum,
441 745 512 818 quia
534 759 595 797 non
620 746 721 808 nocet,
739 740 912 814 parcissime
936 743 1052 794 tamen.

148 866 196 924 Ita
210 866 344 936 adsuevi,
358 873 391 923 et
405 883 486 922 nunc
501 871 602 921 custos
615 863 711 920 adest.

191 989 343 1048 Gallinam
364 996 400 1046 ut
423 1009 441 1044 a
462 996 494 1046 te
522 991 643 1044 missam
667 987 800 1043 libenter
819 987 940 1062 accepi;
961 1003 1055 1060 quam

148 1118 220 1172 satis
233 1113 350 1171 acribus
364 1111 468 1181 oculis,
479 1131 660 1189 quamquam
674 1109 773 1168 adhuc
794 1109 904 1188 lippus,
917 1112 1055 1185 pinguis-

148 1241 253 1295 simam
269 1235 337 1295 vidi.
381 1233 463 1292 Vale.

552 1501 645 1559 XXII

215 1667 225 1683 ·
321 1627 324 1633 ¹
367 1647 398 1703 C.
424 1647 544 1704 Primus
567 1647 696 1705 Falconi
718 1648 779 1706 Suo
801 1647 829 1706 S.

192 1795 294 1852 Mnus
308 1795 464 1852 miraberis
485 1812 535 1851 me
559 1801 623 1851 tam
645 1795 796 1853 instanter
817 1799 940 1872 petisse,
963 1803 998 1852 ut
1023 1800 1058 1852 in

150 1919 282 1972 amicum
295 1932 397 1971 meum
412 1912 565 1971 conferres
579 1913 779 1985 tribunatum,
788 1935 857 1972 cum
868 1919 978 1986 scieris,
988 1920 1057 1992 quis

149 2034 201 2092 ille
228 2032 393 2111 qualisque.
439 2030 562 2090 Possum
585 2040 689 2091 autem
715 2037 776 2091 iam
803 2035 860 2092 tibi
888 2042 921 2092 et
942 2055 1057 2093 nomen

150 2157 284 2215 indicare
312 2164 344 2213 et
372 2156 543 2214 describere
572 2160 680 2233 ipsum,
699 2164 868 2235 postquam
895 2157 1055 2235 polliceris.

152 2275 209 2334 Est
223 2274 379 2333 Cornelius
394 2276 585 2347 Minicianus,
600 2285 813 2335 ornamentum
827 2280 958 2353 regionis
968 2297 1057 2336 meae

151 2413 204 2452 seu
219 2394 370 2470 dignitate
385 2414 438 2452 seu
452 2396 593 2453 moribus,
638 2396 735 2454 Natus
749 2397 909 2473 splendide
920 2397 1058 2456 abundat

149 2513 355 2585 facultatibus
368 2521 451 2572 amat
469 2515 578 2586 studia,
600 2523 635 2573 ut
649 2516 749 2575 solent
769 2536 924 2593 pauperes.
963 2517 1057 2587 ¹ldem

150 2636 334 2691 rectissimus
356 2633 458 2704 iudex,
472 2632 650 2693 fortissimus
672 2633 844 2706 advocatus,
867 2635 1058 2694 fidelissimus

150 2756 272 2810 amicus.
324 2749 487 2829 Accepisse
515 2761 547 2812 te
568 2754 749 2812 beneficium
771 2756 885 2826 credes
908 2775 1058 2833 cumpro

150 2875 217 2948 pius
231 2875 397 2949 inspexeris
411 2871 565 2930 hominem
580 2873 718 2930 omnibus
732 2873 903 2944 honoribus,
918 2876 1058 2933 omnibus

150 2991 248 3050 titulis
265 2991 351 3068 (nihil
365 2992 434 3048 volo
448 2991 555 3050 elatius
569 2991 608 3050 de
629 2993 850 3052 modestissimo
864 2997 927 3052 viro
941 2993 1057 3070 dicere)

150 3132 262 3188 parem.
306 3110 388 3169 Vale.

153 3274 191 3348 5⁶
