2354 3802
348 403 436 459 THE
465 401 648 460 LETTERS
677 403 731 461 OF
762 402 887 460 PLINY

595 646 642 702 111

364 806 395 863 C.
421 804 542 861 Pennus
565 805 733 861 Prinassum
756 805 817 863 Suo
840 806 868 862 S.

207 964 354 1020 Taunum
369 967 595 1039 perseverantia
609 971 644 1020 tu
658 962 749 1021 modo
770 967 802 1019 in
827 963 967 1033 Lucania,
983 962 1075 1020 modo
1161 983 1162 1006 ¹

166 1101 198 1153 in
220 1097 404 1172 Campania?
447 1095 535 1172 ‘lpse
564 1095 662 1152 enim'
685 1099 785 1172 inquis
805 1102 814 1128 ‘
825 1095 974 1165 Lucanus,
998 1115 1075 1152 uxor

168 1227 338 1304 Campana'
391 1228 474 1285 Iusta
509 1248 598 1285 causa
631 1227 774 1304 longioris
810 1229 978 1297 absentiae,
1013 1248 1075 1285 non

168 1368 335 1436 perpetuae
360 1359 473 1418 tamem
516 1359 599 1430 Quin
622 1379 695 1436 ergo
718 1360 880 1437 aliquando
908 1364 940 1417 in
967 1360 1076 1417 urbem

168 1491 269 1549 redis?
290 1493 340 1549 ubi
361 1492 504 1568 dignitas,
526 1492 632 1562 honor,
646 1495 796 1549 amicitiae
818 1499 881 1549 tam
907 1496 1076 1570 superiores

168 1637 258 1694 quam
301 1621 439 1674 minores.
490 1616 656 1694 Quousque
700 1619 865 1694 regnabis?
918 1639 1077 1695 quousque

168 1741 316 1817 vigilabis,
351 1761 419 1797 cum
461 1741 563 1798 voles?
606 1742 746 1813 dormies,
781 1743 926 1821 quamdiu
969 1743 1076 1800 voles?
1161 1755 1162 1764 ¹

169 1883 325 1941 quousque
348 1864 441 1921 calcei
464 1877 622 1942 nusquam,
645 1873 717 1941 toga
745 1864 862 1936 seriata,
888 1865 965 1922 liber
994 1873 1079 1923 totus

169 1983 258 2040 dies?

211 2101 344 2178 Tempus
373 2111 420 2159 est
442 2110 474 2160 te
499 2107 629 2160 revisere
652 2103 805 2161 molestias
828 2112 945 2162 nostras
969 2102 1018 2160 vel
1040 2105 1080 2160 ob

101 2233 103 2236 '
170 2225 228 2281 hoc
243 2224 349 2296 solum,
365 2246 404 2284 ne
419 2225 591 2302 voluptates
605 2231 681 2285 istae
703 2231 846 2285 satietate
868 2225 1078 2303 languescant.

171 2348 275 2407 Saluta
290 2349 451 2426 paulisper,
461 2371 521 2427 quo
536 2354 575 2408 sit
590 2352 646 2408 tibi
656 2351 817 2408 iucundius
834 2350 967 2421 salutari,
976 2357 1079 2407 terere

171 2476 203 2528 in
231 2471 287 2527 hac
304 2472 414 2542 turba,
440 2481 475 2531 ut
503 2480 535 2530 te
564 2473 695 2531 solitudo
723 2473 868 2532 delectet.
917 2472 978 2530 Sed
1007 2472 1081 2549 quid

172 2598 465 2674 imprudenS,·quem
480 2599 624 2656 evocarel
639 2619 739 2669 conor,
754 2598 898 2656 retardo?
924 2591 925 2594 ¹
942 2597 1081 2653 Fortasse

173 2727 255 2780 enim
270 2720 316 2778 his
331 2726 403 2798 ipsis
417 2721 598 2794 admoneris,
614 2730 649 2780 ut
667 2730 699 2779 te
720 2726 816 2798 magis
839 2741 873 2776 ac
898 2723 994 2796 magis
1019 2723 1081 2776 otio

174 2844 326 2913 involvas;
347 2845 428 2922 quod
443 2864 501 2921 ego
515 2865 577 2902 non
592 2845 740 2922 abrumpi,
755 2845 809 2902 sed
824 2847 988 2901 intermitti
1002 2842 1079 2900 volo.

176 2971 220 3028 Ut
235 2973 356 3027 enimsi
377 2989 484 3026 cenam
504 2971 560 3026 tibi
583 2969 724 3041 facerem,
739 2969 879 3027 dulcibus
901 2971 975 3026 cibis
998 2988 1082 3025 acres

175 3101 339 3170 acutosque
354 3097 522 3163 miscerem,
538 3101 573 3150 ut
588 3095 713 3151 obtusus
727 3094 786 3150 illis
801 3102 833 3150 et
848 3094 961 3150 oblitus
972 3101 1082 3150 stoma-

343 3241 351 3271 1
369 3257 478 3290 evocare
492 3241 598 3304 Bipona,
613 3241 718 3300 lll‘z'tller,
734 3256 857 3290 revocare
872 3241 904 3292 K.

179 3336 196 3390 6
