2438 3790
402 356 490 415 THE
519 357 702 416 LETTERS
731 359 786 417 OF
815 359 942 417 PLINY

219 517 367 570 statim-in
382 513 445 580 alia¹
453 514 621 586 discedant,
636 515 748 574 frustra
766 524 872 592 postea
887 517 1072 575 dissentient
1085 519 1126 575 ab

219 640 265 690 eo,
280 624 328 676 cui
342 620 432 696 paulo
446 629 518 678 ante
533 627 749 681 consenserint.
1217 601 1218 614 .

260 727 321 785 Sed
336 727 408 804 quid
431 748 488 804 ego
511 728 615 786 similis
636 729 782 788 docenti?
804 750 873 786 cum
892 730 1008 788 discere
1023 730 1126 801 velim,
1217 723 1218 752 l

219 854 258 890 an
287 839 455 891 sententias
484 832 579 891 dividi
601 856 640 892 an
664 838 700 892 iri
722 839 753 892 in
777 835 911 912 singulas
932 837 1126 912 oportuerit?

220 941 349 999 Obtinui
377 941 510 1018 quidem,
539 941 619 1018 quod
650 941 859 1016 postulabam3
894 942 990 999 nihilo
1024 947 1126 1000 minus

219 1057 324 1106 tamen
352 1067 473 1124 quaero,
501 1068 541 1103 an
568 1047 721 1123 postulare
750 1048 916 1107 debuerim.
960 1047 1061 1120 Quem
1086 1050 1127 1107 ad

220 1156 342 1213 modum
371 1155 510 1212 obtinui?
554 1153 592 1224 Is,
618 1159 669 1231 qui
698 1154 839 1212 ultimum
867 1155 1048 1233 supplicium
1077 1177 1125 1214 su-

220 1264 365 1322 mendum
377 1282 443 1320 esse
457 1264 611 1332 censebat,
620 1265 722 1319 nescio
736 1283 776 1318 an
786 1267 860 1333 iure,
871 1271 955 1320 certe
970 1267 1127 1339 aequitate

220 1372 430 1449 postulationis
441 1390 527 1427 meae
536 1374 633 1428 victus
644 1373 753 1427 omissa
764 1374 918 1428 sententia
932 1389 985 1426 sua
999 1374 1128 1428 accessit

218 1479 370 1556 relegenti
398 1481 511 1535 veritus
539 1477 664 1548 scilicet,
693 1498 744 1549 ne,
771 1482 796 1535 si
823 1478 1033 1536 dividerentur
1061 1498 1128 1536 sen·

220 1590 346 1655 tentiae,
382 1584 463 1662 quod
497 1584 608 1661 alioqui
650 1583 715 1641 fore
749 1584 918 1655 videbatur,
961 1605 1006 1656 ea,
1048 1606 1127 1663 quae

220 1692 418 1751 absolvendos
460 1712 525 1749 esse
567 1693 721 1760 censebat,
759 1712 886 1749 numero
927 1693 1125 1770 praevaleret.

221 1801 345 1858 Etenim
372 1800 463 1875 longe
492 1799 593 1876 plures
620 1803 653 1856 in
677 1799 733 1856 hac
756 1820 817 1858 una
841 1821 932 1878 quam
955 1805 988 1858 in
1008 1800 1128 1859 duabus

221 1907 346 1984 singulis
366 1915 460 1964 erant.
504 1907 582 1964 Tum
596 1906 639 1963 illi
655 1927 785 1983 quoque,
799 1911 851 1983 qui
866 1911 1046 1964 auctoritate
1062 1911 1127 1964 eius

221 2015 429 2084 trahebantur,
464 2021 643 2071 transeunte
673 2013 726 2070 illo
761 2014 902 2072 destituti
937 2014 1128 2091 reliquerunt

221 2127 406 2180 sententiam
425 2123 463 2178 ab
485 2125 550 2197 ipso
572 2129 695 2178 auctore
716 2121 869 2178 desertam
883 2125 1040 2198 secutique
1055 2130 1128 2178 sunt

222 2233 305 2306 quasi
320 2227 517 2304 transfugam,
532 2247 624 2304 quem
638 2227 748 2284 ducem
762 2229 975 2304 sequebantur.
1019 2227 1069 2284 Sic
1089 2247 1127 2283 ex

213 2336 318 2418 tribus
339 2339 499 2392 sententiis
525 2334 603 2391 duae
631 2332 739 2404 factae,
764 2337 925 2410 tenuitque
948 2353 986 2390 ex
1010 2332 1127 2390 duabus

222 2442 318 2499 altera
332 2447 424 2499 tertia
438 2442 572 2518 expulsa,
587 2461 664 2518 quae
688 2461 757 2497 cum
779 2441 882 2498 ambas
905 2458 1045 2516 superare
1065 2460 1127 2496 non

222 2557 333 2625 posset,
349 2548 454 2625 elegit,
469 2549 508 2605 ab
522 2556 590 2605 utra
604 2551 785 2604 vinceretur.
829 2546 912 2604 Vale.

645 2766 704 2824 XV

446 2925 477 2982 C.
502 2925 624 2982 Ptrurus
647 2925 771 2982 Iunuoru
793 2923 855 2981 Suo
876 2923 905 2980 S.

265 3079 404 3137 Ounnavr
433 3088 465 3137 te
494 3088 541 3137 tot
569 3083 682 3156 pariter
709 3084 806 3138 missis
834 3079 1047 3150 voluminibus,
1075 3079 1128 3137 sed

224 3190 355 3256 oneravi,
365 3190 495 3262 primum
510 3189 580 3268 quia
594 3205 748 3262 exegeras,
763 3185 876 3243 deinde
887 3187 958 3270 quia
968 3189 1129 3268 scripseras

229 3294 284 3373 138
