2438 3790
387 357 476 413 THE
505 355 688 414 LETTERS
716 355 771 412 OF
801 355 926 413 PLINY

204 514 280 571 illud
308 518 389 570 iners
416 513 549 589 quidem,
577 513 744 570 iucundum
771 520 876 569 tamen
903 509 979 567 nihil
1007 529 1113 586 agere,

204 646 281 703 nihil
306 665 389 714 esse3
419 645 495 702 adeo
520 645 617 702 multa
639 665 688 701 me
708 648 832 720 negotia
860 647 1024 700 amicorum
1053 663 1114 699 nec

205 780 348 838 secedere
370 799 427 835 nec
442 777 566 835 studere
581 781 746 853 patiuntur.
791 775 883 832 Nulla
905 779 987 832 enim
1009 775 1114 832 studia

205 915 294 981 tanti,
316 919 351 968 ut
374 914 524 967 amicitiae
547 909 675 967 officium
697 908 864 979 deseratur,
886 907 967 984 quod
990 907 1113 984 religio-

206 1047 321 1100 sissime
342 1031 575 1100 custodiendum
590 1041 690 1098 studia
703 1045 768 1117 ipsa
782 1043 980 1116 praecipiunt.
1024 1039 1110 1098 Vale.

644 1255 674 1312 X

348 1401 379 1458 C.
397 1401 518 1458 Pnurus
533 1400 652 1456 Fusuro
669 1399 843 1456 Puosocano
857 1398 919 1457 Suo
935 1400 964 1457 S.

248 1546 317 1618 Quo
331 1549 427 1621 magis
452 1549 535 1620 cupis
560 1564 597 1601 ex
612 1544 698 1600 nobis
720 1552 903 1620 pronepotes
925 1543 1037 1615 videre,
1053 1543 1111 1600 hoc

206 1681 320 1735 tristior
333 1676 438 1734 audies
453 1683 579 1752 neptem
593 1684 678 1733 tuam
692 1677 831 1733 abortum
846 1676 963 1747 fecisse,
978 1677 1053 1734 dum
1077 1696 1109 1733 se

206 1806 426 1886 praegnantem
441 1827 506 1865 esse
520 1807 697 1883 puellariter
711 1813 809 1865 nescit
822 1828 857 1865 ac
871 1828 926 1885 per
946 1807 1003 1865 hoc
1018 1828 1109 1884 quae-

206 1939 276 1994 dam
301 1937 499 1995 custodienda
524 1940 761 2015 praegnantibus
786 1943 911 2010 omittit,
925 1939 998 1996 facit
1021 1943 1109 1996 omit·

206 2062 307 2119 tenda.
352 2060 452 2132 Quem
477 2081 608 2118 errorem
634 2067 751 2139 magnis
772 2062 962 2122 documentis
977 2067 1109 2139 expiavit

205 2175 237 2241 in
262 2204 412 2242 summum
433 2185 601 2259 periculum
623 2184 762 2243 adducta.
806 2185 914 2263 Igitur,
928 2194 964 2244 ut
985 2206 1109 2244 necesse

206 2317 253 2365 est
267 2311 400 2384 graviter
421 2311 549 2384 accipias
573 2317 765 2368 senectutem
787 2318 871 2368 tuam
892 2313 976 2387 quasi
998 2315 1108 2386 paratis

205 2436 333 2507 posteris
348 2433 538 2505 destitutam,
553 2439 595 2491 sic
617 2433 711 2490 debes
725 2453 816 2510 agere
832 2433 877 2491 dis
891 2438 1014 2511 gratias,
1028 2435 1108 2511 quod

205 2559 248 2612 ita
276 2557 332 2614 tibi
359 2561 392 2613 in
425 2563 596 2634 praesentia
631 2566 813 2634 pronepotes
847 2566 1058 2635 negaverunt,
1075 2566 1108 2615 ut

205 2689 361 2738 servarent
375 2689 511 2758 neptem,
526 2681 593 2740 illos
607 2681 767 2754 reddituri,
781 2703 909 2760 quorum
923 2683 1009 2740 nobis
1024 2702 1107 2758 spem
1175 2759 1176 2764 ἵ

97 2875 99 2880 Ι
205 2809 365 2862 certiorem
402 2804 478 2863 haec
512 2809 577 2882 ipsa
611 2825 792 2883 quamquam
827 2826 932 2883 parum
966 2826 1107 2883 prospere

205 2928 362 3004 explorata
376 2927 547 2986 fecunditas
561 2928 642 2986 facit.

246 3049 347 3108 Isdem
362 3072 443 3109 nunc
458 3071 516 3128 ego
526 3059 557 3109 te
573 3054 681 3129 quibus
694 3058 792 3129 ipsum
806 3074 855 3112 me
867 3054 979 3125 hortor,
990 3074 1106 3125 moneo,

205 3174 356 3232 confirmo.
401 3175 509 3252 Neque
544 3180 625 3234 enim
659 3178 814 3236 ardentius
848 3187 883 3236 tu
917 3188 1105 3256 pronepotes

209 3285 268 3339 118
