2334 3686
358 259 447 318 THE
474 260 658 320 LETTERS
687 261 742 320 OF
771 261 898 322 PLINY

583 495 666 552 CXV

487 637 641 694 Tmmnos
664 636 768 694 Ptnuo

220 778 341 834 Msnrro
378 778 510 848 haesisti,
542 777 683 836 Secunde
711 781 872 849 carissime,
900 777 973 855 quid
1001 799 1020 834 a
1049 787 1082 836 te

176 883 351 960 responderi
385 891 541 960 oporteret
575 885 747 942 censoribus
775 883 1014 955 consulentibus,
1043 905 1083 941 an

175 993 316 1068 legerent
350 996 382 1048 in
411 1000 551 1050 senatum
585 990 710 1048 aliarum
738 995 915 1062 civitatium,
943 991 1083 1048 eiusdem

175 1107 280 1157 tamen
304 1103 475 1176 provinciae
490 1102 577 1156 cives.
622 1098 700 1154 Nam
715 1106 748 1156 et
761 1098 838 1175 legis
862 1103 1026 1156 auctoritas
1050 1108 1085 1158 et

175 1207 266 1283 longa
288 1205 477 1264 consuetudo
490 1213 633 1282 usurpate
647 1214 752 1263 contra
765 1205 867 1282 legem
881 1209 913 1261 in
926 1205 1083 1263 diversum

176 1333 297 1371 movere
324 1321 358 1370 te
380 1315 488 1388 potuit.
533 1312 611 1369 Mihi
633 1312 690 1369 hoc
712 1320 990 1388 temperamentum
1016 1316 1084 1371 eius

176 1421 299 1498 placuit,
315 1427 349 1476 ut
364 1439 401 1475 ex
416 1423 580 1495 praeterito
602 1418 677 1475 nihil
698 1438 886 1490 novaremus,
908 1418 962 1476 sed
976 1439 1083 1478 mane-

176 1536 246 1586 rent
270 1530 405 1605 quamvis
433 1534 539 1584 contra
566 1527 667 1604 legem
695 1527 803 1585 adsciti
831 1547 1083 1606 quarumcunque

177 1637 344 1691 civitatium
359 1637 448 1704 cives,
464 1637 496 1690 in
511 1633 647 1692 futurum
668 1641 771 1691 autem
792 1633 843 1690 lex
867 1633 1011 1710 Pompeia
1033 1637 1083 1693 ob

176 1748 362 1832 servareturj
384 1743 468 1796 cuius
481 1744 542 1796 vim
557 1744 581 1797 si
596 1749 678 1798 retro
692 1761 812 1818 quoque
832 1740 959 1798 velimus
981 1751 1083 1800 custo-

176 1847 250 1920 dire,
265 1846 362 1906 muita
375 1866 499 1905 necesse
516 1855 562 1905 est
575 1847 753 1924 perturbari.

575 2071 673 2130 CXVI

351 2225 383 2282 C.
408 2225 528 2283 Pmnrus
549 2226 688 2284 Tnnmuo
710 2225 898 2284 Inrrnnrom

216 2382 278 2454 Qui
301 2382 416 2439 virilem
439 2390 541 2458 togam
562 2389 686 2439 sumunt
701 2382 748 2438 vel
764 2385 885 2457 nuptias
899 2380 1018 2441 faciunt
1034 2385 1083 2441 vel

175 2508 284 2560 ineunt
317 2506 528 2580 magistratum
564 2501 612 2560 vel
640 2521 715 2579 opus
743 2500 897 2578 publicum
925 2489 1083 2574 dedicant,

175 2623 275 2681 solent
288 2630 385 2680 totam
400 2622 493 2680 bulen
507 2629 600 2699 atque
615 2625 707 2679 etiam
723 2641 740 2678 e
753 2621 845 2698 plebe
859 2640 921 2678 non
936 2625 1083 2698 exiguum

174 2763 334 2801 numerum
349 2763 454 2800 vocare
469 2744 616 2820 binosque
631 2741 770 2799 denarios
784 2742 833 2798 vel
848 2740 986 2826 singulos¹
996 2742 1081 2802 dare.

175 2863 265 2935 Quod
300 2885 339 2920 an
370 2862 585 2921 celebrandum
621 2869 653 2919 et
688 2870 837 2939 quatenus
870 2869 970 2938 putes,
1007 2883 1083 2940 rogo

173 2985 292 3042 scribas.
350 2982 419 3061 Ipse
450 2987 530 3041 enim
561 2985 640 3040 sicut
674 2982 812 3053 arbitror,
833 2984 1012 3058 praesertim
1043 3005 1082 3044 ex
