2354 3802
322 347 410 404 THE
440 347 622 406 LETTERS
650 347 705 407 OF
734 347 859 405 PLINY

139 505 214 562 chus
229 505 275 562 his
296 508 489 576 excitaretur,
503 510 546 562 ita
567 525 648 562 nunc
670 505 784 575 hortor,
807 513 842 562 ut
864 505 1044 563 iucundissi-
1146 568 1147 582 ,

140 623 223 659 mum
236 623 333 679 genus
342 607 423 660 vitae
437 622 499 660 non
510 602 601 660 nullis
613 603 767 661 interdum
778 607 863 680 quasi
878 605 1043 662 acrioribus
1147 670 1148 682 χ

139 700 270 759 condias.
313 701 396 759 Vale.

570 885 614 944 IV

266 1029 297 1086 C.
322 1027 443 1084 Primus
466 1026 580 1083 Pou'no
602 1026 776 1083 Annrrsuol
799 1026 860 1084 Suo
884 1027 912 1084 S,

180 1170 234 1226 Ars
245 1168 354 1244 legisse
363 1176 396 1225 te
405 1166 673 1244 hendecasyllabos
681 1185 783 1234 meos3
804 1170 931 1243 requiris
943 1170 1047 1236 etiam,

140 1283 231 1341 quem
252 1262 291 1320 ad
312 1261 437 1319 modum
458 1265 611 1337 coeperim
640 1261 781 1331 scribere,
804 1260 904 1331 homo,
926 1270 961 1319 ut
988 1263 1045 1319 tibi

140 1357 252 1428 videor,
276 1376 407 1427 severus,
421 1364 457 1413 ut
482 1359 546 1431 ipse
570 1354 678 1426 fateor,
693 1374 754 1411 non
777 1359 908 1431 ineptus
953 1355 1047 1413 Num-

141 1471 231 1529 quam
256 1471 273 1507 a
296 1454 416 1527 poetice
441 1449 542 1526 (altius
565 1452 647 1507 enim
671 1449 819 1525 repetam)
844 1448 961 1507 alienus
983 1449 1046 1518 fui;

140 1549 213 1623 quin
246 1549 338 1602 etiam
366 1543 609 1621 quattuordecim
644 1552 733 1601 natus
767 1563 862 1601 annos
898 1544 1046 1602 Graecam

139 1639 327 1716 tragoediam
338 1641 450 1712 scripsi.
486 1636 636 1707 ‘Qualem
646 1636 673 1694 ?'
697 1641 805 1714 inquis.
843 1638 869 1694 N
873 1643 971 1707 esci03
985 1647 1047 1696 tra-

140 1731 249 1809 goedia
276 1732 447 1789 vocabatur.
492 1730 575 1800 Mox,
604 1750 672 1787 cum
701 1750 718 1788 e
742 1730 851 1789 militia
872 1732 992 1792 rediens
1013 1738 1046 1792 in

141 1826 236 1882 Icaria
249 1824 347 1883 insula
361 1828 460 1881 ventis
474 1824 638 1892 detinerer,
654 1821 778 1880 Latinos
793 1824 896 1900 elegos
917 1829 949 1881 in
970 1825 1045 1884 illud

140 1924 239 1996 ipsum
259 1939 342 1976 mare
364 1923 519 1996 ipsamque
542 1917 671 1975 insulam
693 1917 760 1975 feci.
805 1918 957 1996 Expertus
980 1941 1045 1978 sum

140 2033 190 2072 me
199 2013 361 2091 aliquando
375 2022 408 2071 et
422 2012 524 2082 heroo,
534 2011 795 2088 hendecasyllabis
810 2033 891 2070 nunc
905 2017 1045 2090 primurn,

140 2128 268 2186 quorum
282 2107 331 2163 hic
346 2105 464 2176 nataliS,
485 2106 560 2162 haec
575 2114 733 2163 causaest.

181 2201 378 2277 Legebantur
391 2205 424 2256 in
438 2199 625 2256 Laurentino
638 2199 713 2256 1111111
728 2199 796 2256 libri
811 2199 897 2257 Asini
911 2201 993 2258 Galli
1005 2202 1046 2259 de

141 2300 364 2372 comparatione
379 2298 472 2371 patris
488 2302 520 2351 et
531 2293 691 2351 Ciceronis,
736 2294 849 2352 Incidit
861 2299 1046 2371 epigramma

143 2391 294 2448 Ciceronis
308 2394 340 2445 in
355 2389 497 2445 Tironem
513 2407 608 2445 suum.
642 2388 733 2458 Dein,
749 2408 818 2445 cum
827 2389 953 2447 meridie
967 2392 1046 2467 (erat

142 2489 223 2542 enim
237 2484 348 2559 aestas)
360 2483 544 2540 dormiturus
553 2501 603 2538 me
615 2487 805 2558 recepissem,
815 2503 872 2540 nec
883 2485 1046 2559 obreperet

141 2597 272 2649 somnuS,
287 2581 373 2654 coepi
387 2584 538 2652 reputare,
553 2579 698 2632 maximos
719 2584 852 2634 oratores
874 2576 930 2634 hoc
952 2577 1046 2634 studii

410 2681 418 2711 ¹
436 2683 581 2730 Annrmo
593 2681 656 2731 add,
670 2659 775 2730 Mario.

174 2808 187 2830 ⁶
265 2800 270 2809 '
293 2836 299 2847 .
367 2815 385 2846 n
432 2836 437 2848 .

174 2865 185 2896 ⁶
201 2798 371 2928 lslblbll'lilrlls
382 2808 590 2927 dddrespondent
602 2863 638 2923 (ii.
654 2864 691 2924 17,
706 2864 740 2912 iv.
758 2862 795 2921 17,
808 2863 862 2910 viii.
877 2865 928 2923 20),
939 2863 987 2914 but
1000 2865 1046 2914 the

142 2946 188 2980 son
202 2929 230 2978 oi
241 2930 287 2979 the
299 2929 402 2979 famous
414 2935 503 2977 orator
515 2928 608 2987 Pollio,
623 2926 674 2976 and
686 2927 803 2991 possibly
815 2927 861 2976 tha
873 2928 945 2978 child
957 2930 1045 2980 whose

142 2995 216 3044 birth
228 2995 316 3060 Virgil
328 2993 477 3044 celebrated
490 2995 516 3042 in
530 2995 571 3043 his
584 2991 685 3042 Fourth
699 2993 823 3056 Eclogue.

174 3071 184 3092 ⁰
200 3059 314 3111 Cicero's
326 3059 495 3108 well-known
507 3059 645 3108 character
656 3058 746 3106 makes
764 3059 787 3106 it
803 3059 904 3106 certain
917 3058 978 3108 that
990 3060 1045 3110 this

142 3127 259 3241 ppigrylsm
279 3127 301 3174 is
320 3126 449 3189 spurious.
494 3125 557 3174 Tiro
577 3139 631 3172 was
651 3123 691 3171 his
712 3122 846 3172 lreedman
866 3123 919 3173 and
940 3121 1045 3176 trusted

154 3208 210 3240 nan
231 3230 236 3240 .

144 3287 161 3342 8
