2352 3802
353 387 442 445 THE
472 387 654 446 LETTERS
684 387 739 447 OF
765 387 891 445 PLINY

170 550 274 599 tamen
309 546 402 600 etiam
430 562 468 599 ex
496 547 643 618 rescripto
670 541 817 619 intellego
844 542 989 600 libentius
1016 540 1076 599 hoc

170 663 198 716 ei
226 667 259 716 te
287 663 484 735 praestitisse,
512 663 582 736 quia
610 679 665 735 pro
692 679 742 717 me
770 660 904 736 rogabat.
962 658 1077 716 Videor

169 794 243 852 ergo
265 795 412 832 summam
434 779 497 832 voti
513 779 573 832 mei
592 783 782 845 consecutus
797 794 865 831 cum
886 777 968 831 inter
988 777 1076 833 initia

169 889 334 948 felicissimi
368 891 629 968 principatus'tui
656 893 828 967 probaveris
862 909 912 948 me
948 890 986 947 ad
1020 909 1075 966 pe-

169 1005 312 1063 culiarem
327 1005 550 1083 indulgentiam
564 1014 649 1064 tuam
663 1010 838 1083 pertinere;
860 1025 957 1083 eoque
977 1010 1075 1082 magis

169 1121 279 1179 liberos
294 1126 482 1198 concupisco,
498 1142 572 1199 quos
587 1122 700 1180 habere
715 1125 807 1181 etiam
829 1121 881 1178 illo
901 1126 1075 1180 tristissimo

169 1236 290 1294 saeculo
310 1236 400 1308 volui,
423 1241 501 1294 sicut
528 1245 616 1313 potes
638 1237 756 1294 duobus
778 1241 975 1294 matrimoniis
998 1243 1076 1296 meis

169 1352 301 1410 credere.
346 1351 407 1409 Sed
422 1352 453 1408 di
467 1353 584 1424 melius
606 1355 657 1430 qui
679 1355 779 1409 omnia
799 1355 920 1428 integra
944 1352 1076 1409 bonitati

168 1475 240 1524 tuae
268 1475 481 1535 reservarunt3
510 1467 622 1524 maluil
647 1467 704 1524 hoc
729 1470 829 1543 potius
856 1474 995 1543 tempore
1023 1488 1075 1526 me

168 1588 288 1656 patrem
322 1581 395 1651 fieri,
431 1602 492 1659 quo
526 1582 646 1640 futurus
681 1602 779 1640 essem
814 1590 847 1639 et
883 1602 1006 1640 securus
1043 1593 1076 1641 et

168 1696 250 1754 felix.

577 1906 625 1963 III
638 1927 656 1962 A

345 2045 376 2103 C.
401 2047 522 2104 Pmrvrus
543 2046 681 2104 Taurino
700 2049 888 2105 Iuruasrom

211 2187 260 2244 Ur
301 2191 431 2262 primum
472 2207 531 2258 me,
570 2186 703 2258 domine,
739 2188 932 2264 indulgentia
973 2197 1075 2248 vestra

126 2293 128 2296 ’
168 2307 319 2378 promovit
338 2303 377 2360 ad
398 2303 621 2380 praefecturam
642 2307 748 2361 aerarii
772 2303 905 2375 Saturni,
933 2306 1075 2363 omnibus

78 2469 80 2473 .
168 2414 424 2487 advocationibus
467 2417 576 2494 quibus
616 2417 728 2494 alioqui
776 2437 941 2494 numquam
989 2438 1073 2474 eram

168 2534 336 2606 promiscue
378 2529 510 2602 functus,
552 2536 733 2603 renuntiavi,
775 2540 811 2589 ut
857 2540 923 2590 toto
970 2537 1075 2590 animo
1119 2545 1124 2552 '
1159 2519 1160 2528 ἵ

169 2645 311 2722 delegato
325 2646 400 2702 mihi
421 2646 516 2704 officio
537 2666 682 2704 vacarem.
727 2646 795 2717 Qua
817 2666 855 2703 ex
880 2666 976 2717 causa,
1002 2667 1074 2704 cum

169 2767 329 2834 patronum
343 2781 392 2822 me
413 2762 611 2837 provinciales
635 2770 792 2839 optassent
812 2770 918 2820 contra
941 2763 1075 2820 Marium

266 2899 274 2930 ¹
293 2900 373 2949 malui
385 2901 435 2950 Av.
450 2917 475 2961 a,
490 2901 597 2964 Bipoaa,
611 2902 727 2952 maluere
738 2902 850 2963 Emesa,
864 2903 968 2952 Mailler.

201 3037 214 3060 ‘¹
231 3028 265 3079 Of
276 3029 420 3079 Domitian.
457 3030 498 3080 On
510 3030 610 3095 Pliny's
623 3033 764 3096 marriages
775 3047 819 3080 see
830 3031 1026 3082 Introduction.

202 3095 211 3125 ⁶
229 3094 284 3143 The
296 3095 359 3159 only
371 3095 460 3159 publio
470 3100 591 3162 treasury
600 3097 671 3145 until
683 3097 730 3146 the
741 3098 807 3146 time
815 3097 843 3146 of
851 3097 998 3160 Augustus,
1011 3098 1075 3148 who

169 3160 274 3208 created
293 3165 347 3209 two
358 3160 457 3220 others,
468 3161 534 3211 with
552 3166 673 3226 separate
690 3178 795 3210 sources
812 3162 840 3210 of
856 3177 977 3211 ravenue.
1015 3163 1075 3212 The

168 3225 303 3274 aerarium
314 3224 424 3274 Salaterai
435 3229 474 3286 (so
486 3227 571 3276 called
579 3227 646 3276 from
655 3228 690 3276 its
701 3227 775 3276 office
785 3227 862 3292 being
874 3228 902 3276 in
913 3227 960 3276 the
971 3229 1075 3292 temple

171 3320 228 3391 276
