2438 3790
422 343 510 398 THE
540 340 723 399 LETTERS
751 341 805 398 OF
834 339 960 396 PLINY

281 502 385 572 Hunc,
419 521 487 558 cum
522 501 612 560 simul
639 499 847 570 militaremuS,
882 519 943 555 non
978 497 1075 582 solum
1113 504 1150 554 ut

240 583 405 640 commilito
420 587 546 658 inspexi.
581 582 723 638 Praeerat
736 581 801 637 alae
815 580 953 648 militari3
975 600 1033 656 ego
1048 584 1149 636 iussus

240 686 257 720 a
285 664 387 740 legato
415 663 563 721 consulari
593 667 726 720 rationes
759 662 873 719 alarum
909 669 941 718 et
976 661 1149 717 cohortium

240 753 384 802 excutere
395 754 431 803 ut
444 764 585 820 magnam
596 744 785 820 quorundam
796 742 976 819 foedamque
990 746 1149 800 avaritiam

241 836 274 885 et
282 827 664 903 neglegentiamparemita
673 825 762 882 huius
771 828 1150 900 summamintegritatem,

240 908 399 966 sollicitam
422 907 614 984 diligentiam
635 911 746 964 inveni.
800 905 907 964 Postea
928 912 1084 981 promotus
1110 903 1150 960 ad

240 988 437 1065 amplissimas
458 992 684 1065 procurationes
707 986 791 1044 nulla
811 991 967 1044 occasione
988 993 1150 1062 corruptus

241 1072 279 1127 ab
306 1075 397 1127 insito
432 1071 634 1127 abstinentiae
669 1088 770 1126 amore
804 1068 947 1136 deflexit;
982 1087 1150 1144 numquam

241 1151 381 1208 secundis
430 1152 520 1208 rebus
568 1155 724 1219 intumuit,
771 1169 936 1226 numquam
984 1149 1150 1206 officiorum

241 1237 388 1291 varietate
423 1236 598 1289 continuam
632 1232 754 1289 laudem
789 1231 987 1288 humanitatis
1021 1229 1151 1306 infregit

242 1314 409 1390 eademque
444 1313 587 1370 firmitate
614 1317 708 1369 animi
741 1312 892 1370 laboribus
926 1312 1054 1381 suffecit,
1090 1332 1151 1388 qua

241 1416 323 1452 nunc
347 1399 443 1452 otium
467 1399 589 1470 patitur.
634 1393 724 1465 Quod
752 1394 875 1470 quidem
902 1393 1055 1470 paulisper
1079 1413 1150 1448 cum

242 1496 352 1552 magna
366 1497 419 1532 sua
432 1475 522 1532 laude
536 1480 702 1534 intermisit
715 1483 748 1532 et
762 1480 863 1550 posuit
876 1495 894 1530 a
905 1474 1036 1540 Corellio
1045 1482 1151 1531 nostro

245 1577 282 1614 ex
310 1556 493 1638 liberalitate
524 1561 712 1633 imperatoris
747 1558 866 1614 Nervae
901 1555 1038 1613 emendis
1073 1555 1150 1612 divi-

241 1638 411 1714 dendisque
439 1642 518 1714 agris
546 1638 665 1695 adiutor
699 1638 884 1714 adsumptus
936 1637 1059 1694 Etenim
1090 1657 1151 1713 qua

242 1719 338 1796 gloria
365 1719 492 1796 dignum
521 1727 569 1776 est
596 1739 713 1777 summo
740 1723 804 1776 viro
836 1724 869 1775 in
899 1727 986 1776 tanta
1014 1718 1150 1794 eligendi

242 1800 388 1858 facultate
403 1805 564 1876 praecipue
578 1801 743 1877 placuisse!

285 1881 372 1938 Idem
404 1901 494 1959 quam
528 1890 714 1952 reverenter,
749 1901 839 1958 quam
874 1881 1005 1939 fideliter
1038 1885 1149 1937 amicos

244 1962 333 2034 colat,
369 1963 533 2020 multorum
571 1967 719 2039 supremis
746 1963 873 2034 iudiciis,
916 1968 948 2020 in
981 1963 1028 2034 his
1066 1962 1149 2018 Anni

246 2044 337 2115 Bassi,
392 2049 558 2120 gravissimi
614 2049 696 2116 civis,
745 2044 869 2101 credere
918 2052 1015 2120 potes,
1064 2048 1149 2100 cuius

244 2129 419 2182 memoriam
454 2133 517 2182 tam
552 2133 638 2201 grata
672 2125 898 2201 praedicatione
940 2133 1082 2204 prorogat
1117 2133 1149 2182 et

244 2206 394 2276 extendit,
409 2215 444 2264 ut
466 2206 575 2263 librum
597 2207 636 2263 de
652 2212 713 2264 vita
736 2211 800 2263 eius
815 2209 898 2283 (nam
913 2206 1013 2264 studia
1027 2225 1147 2282 quoque

244 2292 323 2345 sicut
350 2287 422 2344 alias
456 2296 536 2344 artes
570 2289 663 2346 bonas
691 2296 865 2364 veneratur)
893 2288 1032 2346 ediderit.
1077 2287 1144 2344 Pul-

245 2369 351 2425 chrum
388 2368 468 2426 istud
508 2377 541 2426 et
578 2373 701 2426 raritate
737 2373 801 2445 ipsa
842 2370 1041 2446 probandum,
1077 2389 1144 2425 cum
1205 2393 1206 2432 4

246 2449 383 2526 plerique
421 2450 569 2508 hactenus
609 2449 824 2508 defunctorum
866 2455 1070 2521 meminerint,
1113 2458 1147 2507 ut
1205 2445 1206 2474 r

246 2538 420 2609 querantur.

278 2682 290 2704 ¹¹
307 2672 381 2732 Aloe,
394 2672 441 2722 the
453 2672 559 2738 cavalry
571 2673 698 2723 divisione
709 2675 759 2734 (lit.
772 2675 861 2738 wiopa)
873 2675 901 2724 of
912 2691 927 2724 a
942 2676 1044 2725 Roman
1053 2691 1126 2740 army
1137 2695 1143 2733 ;
1205 2661 1206 2692 ³

245 2738 365 2797 cobortes,
378 2738 425 2786 the
436 2738 567 2802 auxiliary
579 2744 677 2803 troops,
693 2739 756 2789 both
767 2740 844 2789 horso
855 2739 908 2790 and
919 2741 982 2792 loot.

279 2804 289 2834 ⁶
306 2803 397 2853 Nerva
414 2803 534 2852 restored
554 2809 583 2852 to
603 2804 650 2853 the
668 2805 784 2854 Romans
801 2806 837 2854 all
857 2807 918 2854 that
938 2805 1073 2854 Domitian
1091 2807 1142 2855 had

247 2867 395 2932 plundered
415 2870 488 2917 them
506 2869 541 2928 ol,
559 2869 611 2917 and
632 2885 698 2932 gave
717 2887 731 2919 a
753 2887 816 2935 very
836 2872 908 2936 large
925 2887 983 2920 sum
1000 2877 1029 2920 to
1045 2871 1077 2920 be
1094 2871 1147 2921 laid

247 2939 294 2982 out
318 2933 345 2982 in
369 2934 415 2982 the
438 2934 567 2997 purchase
584 2934 612 2982 ol
629 2935 705 2983 lands
728 2936 769 2984 lor
792 2937 838 2986 the
861 2942 972 3000 support
990 2937 1017 2985 of
1033 2936 1148 3002 deoayed

246 2999 369 3048 familias.
407 2999 521 3058 (Melm.)

280 3073 289 3095 ⁰
306 3063 348 3114 i.e.
363 3064 431 3114 from
443 3064 514 3112 their
526 3065 631 3128 leaving
642 3064 696 3113 him
710 3066 829 3130 legaoies.
850 3067 919 3116 Such
932 3067 1148 3132 complimentary

248 3129 372 3192 bequests
384 3146 428 3177 are
441 3128 542 3178 several
557 3129 635 3178 times
647 3131 718 3179 cited
731 3131 765 3196 by
778 3131 869 3182 Cicero
880 3148 909 3180 as
921 3149 936 3180 a
948 3133 1108 3182 testimonial
1120 3140 1148 3183 to

247 3195 294 3244 the
305 3195 456 3260 reeipieut’s
468 3194 605 3248 character
617 3213 624 3254 ;
642 3196 675 3258 cf.
691 3197 735 3246 vii.
749 3199 790 3248 20.

250 3290 286 3344 82
