2352 3802
369 412 457 471 THE
486 408 669 470 LETTERS
697 409 752 468 OF
782 408 907 467 PLINY

187 575 221 624 ut
243 569 419 643 propinquis
433 569 498 621 eius
512 565 566 620 des
582 567 750 632 civitatem,
776 560 943 638 Chrysippo
969 556 1092 615 Mithri-

187 681 275 750 datis,
290 685 435 757 uxorique
458 679 618 756 Chrysippi
643 678 833 736 Stratonicae
849 675 989 750 Epigoni,
1014 677 1092 729 item

186 795 289 853 liberis
304 796 440 854 eiusdem
459 794 628 872 Chrysippi,
644 793 784 870 Epigono
798 799 832 850 et
843 789 1025 858 Mithridati,
1048 791 1093 844 ita

186 920 222 968 nt
256 915 317 968 sint
345 914 377 966 in
405 914 499 986 patris
526 916 691 986 potestate,
718 915 814 985 utque
841 911 877 964 iis
905 909 936 962 in
964 904 1093 962 libertos

187 1035 324 1084 servetur
344 1030 389 1084 ius
410 1034 614 1103 patronorum.
659 1024 740 1082 Item
761 1043 845 1100 rogo,
866 1020 1025 1097 indulgeas
1045 1022 1094 1076 ius

187 1142 353 1216 Quiritium
378 1141 412 1198 L.
435 1140 533 1200 Satrio
556 1141 740 1198 Abascantio
761 1147 794 1197 et
817 1137 847 1196 P.
871 1137 975 1194 Caesio
999 1134 1094 1192 Phos-

186 1257 281 1334 phoro
305 1265 339 1315 et
361 1256 531 1314 Anchariae
554 1255 705 1322 Soteridi;
727 1253 809 1331 quod
826 1260 898 1310 ate
919 1250 1096 1308 volentibus

187 1377 321 1448 patronis
336 1379 416 1449 peto.

610 1682 672 1739 XII

366 1805 396 1863 C.
423 1806 543 1864 Primus
563 1807 702 1864 Turrino
724 1806 911 1863 luernnroru

229 1930 308 2001 Scio,
331 1929 462 2001 domine,
487 1935 650 1988 memoriae
678 1939 760 2002 tuae,
788 1951 866 2008 quae
894 1938 942 1988 est
967 1927 1097 1987 benefa-

188 2036 289 2093 ciendi
309 2041 510 2108 tenacissima,
534 2057 640 2113 preces
662 2046 779 2095 nostras
801 2037 968 2096 inhaerere.
1013 2035 1099 2107 Quia

188 2151 292 2201 tamen
326 2147 358 2200 in
392 2143 450 2201 hoc
485 2164 605 2221 quoque
633 2164 724 2220 saepe
752 2144 913 2215 indulsisti,
942 2143 1098 2200 admoneo

188 2250 277 2308 simul
298 2257 331 2309 et
352 2254 489 2328 impense
513 2266 597 2329 rogo,
618 2259 654 2309 ut
675 2252 803 2309 Accium
825 2250 931 2310 Suram
951 2258 1100 2327 praetura

189 2375 335 2415 exornare
349 2355 494 2434 digneris,
509 2378 578 2416 cum
591 2358 674 2416 locus
689 2366 785 2416 vacet.
830 2358 879 2417 Ad
894 2377 984 2436 quam
1006 2377 1101 2433 spem
1164 2433 1165 2438 ἵ

189 2465 301 2542 alioqui
321 2470 543 2543 quietissimum
566 2466 705 2525 hortatur
727 2475 760 2525 et
781 2467 927 2525 natalium
949 2465 1102 2542 splendor

190 2581 222 2631 et
247 2592 362 2631 summa
384 2577 545 2672 integritas
573 2577 605 2668 in
632 2581 813 2667 paupertate
841 2581 874 2645 et
896 2580 968 2630 ante
992 2576 1103 2630 omnia

189 2679 318 2738 felicitas
332 2687 514 2756 temporum,
529 2700 606 2758 quae
621 2664 732 2737 bonam
746 2683 961 2738 conscientiam
982 2682 1103 2736 civium

190 2794 311 2844 tuorum
345 2787 383 2844 ad
418 2807 506 2845 usum
533 2787 743 2864 indulgentiae
777 2795 849 2844 tuae
883 2793 1026 2863 provocat
1062 2797 1104 2846 et

191 2910 313 2968 attollit.

224 3057 296 3104 “An
309 3056 475 3120 exceptional
487 3056 614 3121 privilege
626 3059 655 3105 to
666 3057 713 3105 the
731 3072 799 3115 sons,
819 3053 861 3105 for
878 3072 911 3104 οιι
928 3055 1104 3122 Chrysippus
1164 3063 1165 3094 ἕ

192 3122 281 3185 gainin
310 3123 356 3170 the
369 3121 463 3184 putria
475 3127 589 3184 potestus
606 3137 669 3170 oter
685 3122 758 3170 them
775 3094 840 3186 they
858 3121 947 3171 would
964 3124 1104 3189 normally
1164 3151 1165 3156 =

192 3186 246 3236 lose
268 3137 339 3236 their
361 3186 555 3251 independent
563 3187 656 3251 rights,
680 3187 817 3252 including
840 3187 916 3237 those
938 3203 1001 3236 over
1025 3189 1105 3240 their

192 3250 334 3301 freedmen.
371 3251 498 3316 (Hardy.)

196 3361 251 3417 292
