2438 3790
352 349 440 406 THE
469 349 653 410 LETTERS
681 350 736 407 OF
765 350 891 409 PLINY

170 512 213 564 ita
240 516 349 565 natura
376 516 592 584 comparatum,
627 517 662 566 ut
695 512 899 585 proximorum
933 515 1077 568 incuriosi

169 614 336 691 longinqua
354 623 515 685 sectemur,
531 634 584 672 seu
603 616 684 692 quod
699 619 834 673 omnium
849 637 949 674 rerum
964 617 1077 694 cupido

169 721 349 797 languescit,
371 742 439 779 cum
465 721 560 779 facilis
575 727 708 794 occasio,
730 743 782 780 seu
808 722 889 801 quod
909 719 1084 782 differimus·

170 837 325 905 tamquam
354 829 444 906 saepe
469 834 569 901 visuri,
591 830 671 907 quod
700 830 790 888 datur
815 829 927 901 videre,
956 835 1077 908 quoties

171 935 245 993 velis
273 956 406 994 cernere.
463 937 652 1014 Quacunque
685 937 723 996 de
754 958 843 994 causa
863 937 1015 1014 permulta
1042 942 1077 994 in

171 1043 245 1099 urbe
271 1050 373 1100 nostra
394 1046 538 1120 iuxtaque
563 1043 669 1100 urbem
695 1063 756 1101 non
781 1044 875 1100 oculis
899 1043 998 1114 modo,
1021 1043 1077 1100 sed

171 1170 210 1207 ne
225 1151 345 1207 auribus
361 1149 485 1227 quidem
504 1155 651 1222 novimus
671 1172 749 1228 quae
772 1155 796 1208 si
815 1151 936 1209 tulisset
952 1150 1077 1222 Achaia,

172 1257 341 1334 Aegyptus,
363 1257 436 1314 Asia
464 1257 559 1316 aliave
584 1258 739 1335 quaelibet
760 1258 970 1316 miraculorum
991 1257 1077 1314 ferax

171 1364 471 1442 commendatrixque
502 1373 593 1435 terra,
623 1365 738 1436 audita,
769 1365 913 1441 perlecta,
949 1364 1078 1422 lustrata

171 1471 359 1528 haberemus

213 1577 282 1652 lpse
305 1585 389 1634 certe
417 1597 524 1654 nuper,
548 1578 629 1656 quod
655 1598 711 1636 nec
736 1578 891 1636 audieram
915 1586 988 1635 ante
1017 1598 1077 1635 nec

172 1683 315 1753 videram,
338 1684 438 1741 audivi
461 1689 574 1759 pariter
596 1693 628 1742 et
645 1685 715 1742 vidi.
759 1685 914 1760 Exegerat
935 1704 1078 1761 prosocer

171 1809 266 1861 meua,
295 1797 330 1848 ut
354 1791 498 1847 Amerina
522 1791 645 1867 praedia
673 1811 726 1848 sua
754 1795 943 1868 inspicerem.
989 1791 1078 1848 Haec

171 1898 393 1974 perambulanti
409 1898 483 1954 mihi
498 1899 669 1956 ostenditur
683 1899 841 1958 subiacens
855 1898 938 1955 lacus
953 1902 1078 1955 nomine

173 2003 365 2073 Vadimonis3
396 2005 485 2062 simul
513 2005 661 2081 quaedam
690 2004 879 2062 incredibilia
906 2012 1076 2061 narrantur.

172 2111 301 2168 Perveni
335 2111 372 2168 ad
407 2115 514 2187 ipsum.
572 2112 670 2169 Lacus
701 2119 748 2169 est
779 2116 811 2168 in
846 2110 1078 2168 similitudinem

171 2222 298 2275 iacentis
322 2226 406 2275 rotae
436 2223 678 2294 circumscriptus
707 2227 739 2275 et
764 2219 899 2295 undique
924 2217 1078 2296 aequalis;

172 2323 273 2381 nullus
294 2328 386 2394 sinus,
407 2324 569 2401 obliquitas
592 2323 684 2395 nulla,
704 2328 806 2381 omnia
827 2323 973 2394 dimensa,
994 2328 1079 2399 paria

173 2439 206 2488 et
233 2435 317 2507 quasi
345 2430 466 2488 artificis
493 2451 584 2487 manu
620 2438 725 2488 cavata
757 2439 789 2488 et
824 2434 930 2488 excisa.
989 2430 1078 2487 Color

172 2537 311 2594 caeruleo
333 2537 470 2607 albidior,
492 2537 614 2594 viridior
636 2545 668 2594 et
691 2542 830 2613 pressior,
852 2537 982 2614 sulpuris
1003 2536 1079 2606 odor

172 2629 319 2721 saporque
334 2643 511 2715 medicatuS,
526 2648 580 2714 vis
595 2664 655 2720 qua
668 2642 764 2701 fracta
785 2643 960 2701 solidantur.
1004 2643 1078 2719 Spa-

172 2755 250 2808 tium
264 2750 426 2820 modicum,
438 2749 519 2827 quod
533 2758 637 2807 tamen
649 2754 763 2810 sentiat
772 2757 878 2807 ventos
891 2757 924 2806 et
937 2749 1079 2806 fluctibus

173 2863 364 2914 intumescat.
416 2856 508 2913 Nulla
529 2861 560 2912 in
583 2856 641 2912 hoc
662 2861 747 2914 navis
771 2856 868 2936 (sacer
896 2855 1001 2934 enim),
1023 2854 1078 2914 sed

173 2969 314 3021 innatant
336 2964 452 3020 insulae
474 2962 620 3020 herbidae
639 2983 744 3021 omnes
765 2962 913 3020 arundine
936 2970 968 3019 et
988 2965 1079 3019 iunco

206 3141 219 3164 0¹
238 3133 322 3181 “The
344 3136 436 3190 water,
457 3147 485 3180 as
509 3132 532 3179 it
554 3130 725 3194 evaporated‚
741 3131 894 3194 depositing
915 3147 932 3178 a
954 3135 1028 3179 crust
1051 3131 1079 3178 ol

174 3197 333 3261 sulphuroue
345 3213 374 3245 or
386 3196 535 3245 calcareous
546 3196 685 3245 character
693 3196 707 3219 '¹
720 3196 852 3257 (Merrill).

179 3305 234 3374 154
