<?xml version="1.0" encoding="UTF-8"?>
<!DOCTYPE html PUBLIC "-//W3C//DTD XHTML 1.0 Transitional//EN"
    "http://www.w3.org/TR/xhtml1/DTD/xhtml1-transitional.dtd">
<html xmlns="http://www.w3.org/1999/xhtml" xml:lang="en" lang="en">
 <head>
  <title>
</title>
<meta http-equiv="Content-Type" content="text/html;charset=utf-8" />
  <meta name='ocr-system' content='tesseract 3.04.00' />
  <meta name='ocr-capabilities' content='ocr_page ocr_carea ocr_par ocr_line ocrx_word'/>
</head>
<body>
  <div class='ocr_page' id='page_1' title='image "./letters00hutcgoog/letters00hutcgoog_0119.png"; bbox 0 0 2438 3790; ppageno 0'>
   <div class='ocr_carea' id='block_1_1' title="bbox 358 356 896 492">
    <p class='ocr_par' dir='ltr' id='par_1_1' title="bbox 358 356 896 492">
     <span class='ocr_line' id='line_1_1' title="bbox 358 356 896 492; baseline -0.004 -30"><span class='ocrx_word' id='word_1_1' title='bbox 358 404 447 462; x_wconf 83' lang='lat' dir='ltr'><strong>rna</strong></span> <span class='ocrx_word' id='word_1_2' title='bbox 476 356 666 492; x_wconf 77' lang='lat' dir='ltr'><strong>narrans</strong></span> <span class='ocrx_word' id='word_1_3' title='bbox 685 403 740 462; x_wconf 82' lang='lat' dir='ltr'><strong>or</strong></span> <span class='ocrx_word' id='word_1_4' title='bbox 771 403 896 461; x_wconf 74' lang='lat' dir='ltr'><strong>rami</strong></span> 
     </span>
    </p>
   </div>
   <div class='ocr_carea' id='block_1_2' title="bbox 177 563 1082 960">
    <p class='ocr_par' dir='ltr' id='par_1_2' title="bbox 177 563 1082 960">
     <span class='ocr_line' id='line_1_2' title="bbox 177 563 1081 640; baseline -0.002 -21"><span class='ocrx_word' id='word_1_5' title='bbox 177 563 318 621; x_wconf 90' lang='lat' dir='ltr'><strong>illustrari</strong></span> <span class='ocrx_word' id='word_1_6' title='bbox 337 565 449 640; x_wconf 91' lang='lat' dir='ltr'><strong>ubique</strong></span> <span class='ocrx_word' id='word_1_7' title='bbox 464 572 497 620; x_wconf 89' lang='lat' dir='ltr'><strong>et</strong></span> <span class='ocrx_word' id='word_1_8' title='bbox 509 567 639 620; x_wconf 82' lang='lat' dir='ltr'><strong>maxime</strong></span> <span class='ocrx_word' id='word_1_9' title='bbox 659 563 707 620; x_wconf 92' lang='lat' dir='ltr'><strong>his</strong></span> <span class='ocrx_word' id='word_1_10' title='bbox 727 563 810 633; x_wconf 93' lang='lat' dir='ltr'><strong>locis,</strong></span> <span class='ocrx_word' id='word_1_11' title='bbox 832 563 940 639; x_wconf 91' lang='lat' dir='ltr'><strong>quibus</strong></span> <span class='ocrx_word' id='word_1_12' title='bbox 960 564 1081 618; x_wconf 88' lang='lat' dir='ltr'><strong>incitari</strong></span> 
     </span>
     <span class='ocr_line' id='line_1_3' title="bbox 177 670 1080 746; baseline -0.002 -20"><span class='ocrx_word' id='word_1_13' title='bbox 177 670 216 727; x_wconf 91' lang='lat' dir='ltr'><strong>ad</strong></span> <span class='ocrx_word' id='word_1_14' title='bbox 230 675 432 727; x_wconf 82' lang='lat' dir='ltr'><strong>imitationem</strong></span> <span class='ocrx_word' id='word_1_15' title='bbox 447 673 612 746; x_wconf 86' lang='lat' dir='ltr'>praepositi</span> <span class='ocrx_word' id='word_1_16' title='bbox 627 690 728 727; x_wconf 91' lang='lat' dir='ltr'><strong>rerum</strong></span> <span class='ocrx_word' id='word_1_17' title='bbox 750 673 814 726; x_wconf 92' lang='lat' dir='ltr'><strong>eius</strong></span> <span class='ocrx_word' id='word_1_18' title='bbox 836 688 925 725; x_wconf 88' lang='lat' dir='ltr'><strong>curae</strong></span> <span class='ocrx_word' id='word_1_19' title='bbox 946 676 1080 744; x_wconf 81' lang='lat' dir='ltr'><strong>possent,</strong></span> 
     </span>
     <span class='ocr_line' id='line_1_4' title="bbox 178 775 1082 852; baseline -0.002 -20"><span class='ocrx_word' id='word_1_20' title='bbox 178 784 210 832; x_wconf 93' lang='lat' dir='ltr'><strong>et</strong></span> <span class='ocrx_word' id='word_1_21' title='bbox 247 776 390 833; x_wconf 91' lang='lat' dir='ltr'><strong>Pallantis</strong></span> <span class='ocrx_word' id='word_1_22' title='bbox 423 779 644 852; x_wconf 85' lang='lat' dir='ltr'><strong>spectatissima</strong></span> <span class='ocrx_word' id='word_1_23' title='bbox 678 775 753 833; x_wconf 89' lang='lat' dir='ltr'><strong>fides</strong></span> <span class='ocrx_word' id='word_1_24' title='bbox 786 783 879 852; x_wconf 90' lang='lat' dir='ltr'><strong>atque</strong></span> <span class='ocrx_word' id='word_1_25' title='bbox 907 778 1082 832; x_wconf 87' lang='lat' dir='ltr'><strong>innocentia</strong></span> 
     </span>
     <span class='ocr_line' id='line_1_5' title="bbox 178 881 1081 960; baseline -0.004 -19"><span class='ocrx_word' id='word_1_26' title='bbox 178 884 318 960; x_wconf 85' lang='lat' dir='ltr'><strong>exemplo</strong></span> <span class='ocrx_word' id='word_1_27' title='bbox 327 903 488 960; x_wconf 90' lang='lat' dir='ltr'><strong>provocare</strong></span> <span class='ocrx_word' id='word_1_28' title='bbox 498 881 632 940; x_wconf 86' lang='lat' dir='ltr'><strong>studium</strong></span> <span class='ocrx_word' id='word_1_29' title='bbox 641 891 704 940; x_wconf 88' lang='lat' dir='ltr'><strong>tam</strong></span> <span class='ocrx_word' id='word_1_30' title='bbox 713 883 860 940; x_wconf 88' lang='lat' dir='ltr'><strong>honestae</strong></span> <span class='ocrx_word' id='word_1_31' title='bbox 868 881 1081 939; x_wconf 89' lang='lat' dir='ltr'><strong>aemulationis</strong></span> 
     </span>
    </p>
   </div>
   <div class='ocr_carea' id='block_1_3' title="bbox 176 989 1086 2415">
    <p class='ocr_par' dir='ltr' id='par_1_3' title="bbox 176 989 1086 2415">
     <span class='ocr_line' id='line_1_6' title="bbox 176 989 1082 1067; baseline -0.001 -20"><span class='ocrx_word' id='word_1_32' title='bbox 176 998 288 1066; x_wconf 89' lang='lat' dir='ltr'><strong>posset,</strong></span> <span class='ocrx_word' id='word_1_33' title='bbox 311 1010 346 1046; x_wconf 92' lang='lat' dir='ltr'><strong>ea</strong></span> <span class='ocrx_word' id='word_1_34' title='bbox 371 1009 447 1066; x_wconf 89' lang='lat' dir='ltr'><strong>quae</strong></span> <span class='ocrx_word' id='word_1_35' title='bbox 471 989 514 1045; x_wconf 93' lang='lat' dir='ltr'><strong>IV</strong></span> <span class='ocrx_word' id='word_1_36' title='bbox 538 989 603 1046; x_wconf 90' lang='lat' dir='ltr'><strong>Kal.</strong></span> <span class='ocrx_word' id='word_1_37' title='bbox 631 989 815 1061; x_wconf 83' lang='lat' dir='ltr'><strong>Februarias,</strong></span> <span class='ocrx_word' id='word_1_38' title='bbox 832 1010 909 1067; x_wconf 89' lang='lat' dir='ltr'><strong>quae</strong></span> <span class='ocrx_word' id='word_1_39' title='bbox 927 993 1082 1065; x_wconf 84' lang='lat' dir='ltr'><strong>proximae</strong></span> 
     </span>
     <span class='ocr_line' id='line_1_7' title="bbox 178 1082 1082 1160; baseline 0 -20"><span class='ocrx_word' id='word_1_40' title='bbox 178 1083 316 1154; x_wconf 89' lang='lat' dir='ltr'><strong>fuissent,</strong></span> <span class='ocrx_word' id='word_1_41' title='bbox 351 1088 383 1139; x_wconf 91' lang='lat' dir='ltr'><strong>in</strong></span> <span class='ocrx_word' id='word_1_42' title='bbox 417 1083 600 1160; x_wconf 89' lang='lat' dir='ltr'><strong>amplissimo</strong></span> <span class='ocrx_word' id='word_1_43' title='bbox 635 1082 740 1140; x_wconf 89' lang='lat' dir='ltr'><strong>ordine</strong></span> <span class='ocrx_word' id='word_1_44' title='bbox 775 1087 906 1160; x_wconf 89' lang='lat' dir='ltr'><strong>optimus</strong></span> <span class='ocrx_word' id='word_1_45' title='bbox 940 1087 1082 1160; x_wconf 91' lang='lat' dir='ltr'><strong>princeps</strong></span> 
     </span>
     <span class='ocr_line' id='line_1_8' title="bbox 178 1177 1083 1254; baseline 0 -20"><span class='ocrx_word' id='word_1_46' title='bbox 178 1181 347 1247; x_wconf 83' lang='lat' dir='ltr'><strong>recitasset,</strong></span> <span class='ocrx_word' id='word_1_47' title='bbox 375 1185 558 1254; x_wconf 85' lang='lat' dir='ltr'><strong>senatusque</strong></span> <span class='ocrx_word' id='word_1_48' title='bbox 589 1177 727 1235; x_wconf 83' lang='lat' dir='ltr'><strong>consulta</strong></span> <span class='ocrx_word' id='word_1_49' title='bbox 758 1178 797 1236; x_wconf 90' lang='lat' dir='ltr'><strong>de</strong></span> <span class='ocrx_word' id='word_1_50' title='bbox 827 1183 863 1236; x_wconf 93' lang='lat' dir='ltr'><strong>iis</strong></span> <span class='ocrx_word' id='word_1_51' title='bbox 887 1179 977 1235; x_wconf 91' lang='lat' dir='ltr'><strong>rebus</strong></span> <span class='ocrx_word' id='word_1_52' title='bbox 1002 1177 1083 1235; x_wconf 84' lang='lat' dir='ltr'><strong>facta</strong></span> 
     </span>
     <span class='ocr_line' id='line_1_9' title="bbox 179 1270 1083 1348; baseline 0.002 -22"><span class='ocrx_word' id='word_1_53' title='bbox 179 1275 210 1328; x_wconf 93' lang='lat' dir='ltr'><strong>in</strong></span> <span class='ocrx_word' id='word_1_54' title='bbox 225 1291 295 1328; x_wconf 90' lang='lat' dir='ltr'><strong>aere</strong></span> <span class='ocrx_word' id='word_1_55' title='bbox 308 1271 527 1341; x_wconf 84' lang='lat' dir='ltr'><strong>inciderentur,</strong></span> <span class='ocrx_word' id='word_1_56' title='bbox 541 1271 633 1348; x_wconf 91' lang='lat' dir='ltr'><strong>idque</strong></span> <span class='ocrx_word' id='word_1_57' title='bbox 654 1291 705 1328; x_wconf 89' lang='lat' dir='ltr'><strong>aes</strong></span> <span class='ocrx_word' id='word_1_58' title='bbox 726 1270 871 1348; x_wconf 86' lang='lat' dir='ltr'><strong>figeretur</strong></span> <span class='ocrx_word' id='word_1_59' title='bbox 891 1272 930 1329; x_wconf 87' lang='lat' dir='ltr'><strong>ad</strong></span> <span class='ocrx_word' id='word_1_60' title='bbox 950 1279 1083 1329; x_wconf 81' lang='lat' dir='ltr'><strong>statuam</strong></span> 
     </span>
     <span class='ocr_line' id='line_1_10' title="bbox 178 1365 1083 1423; baseline 0.001 -2"><span class='ocrx_word' id='word_1_61' title='bbox 178 1365 333 1422; x_wconf 85' lang='lat' dir='ltr'><strong>loricatam</strong></span> <span class='ocrx_word' id='word_1_62' title='bbox 361 1365 423 1422; x_wconf 90' lang='lat' dir='ltr'><strong>divi</strong></span> <span class='ocrx_word' id='word_1_63' title='bbox 452 1365 539 1423; x_wconf 89' lang='lat' dir='ltr'><strong>Iulii.’</strong></span> <span class='ocrx_word' id='word_1_64' title='bbox 585 1366 693 1422; x_wconf 90' lang='lat' dir='ltr'><strong>Parum</strong></span> <span class='ocrx_word' id='word_1_65' title='bbox 721 1369 818 1423; x_wconf 92' lang='lat' dir='ltr'><strong>visum</strong></span> <span class='ocrx_word' id='word_1_66' title='bbox 845 1373 1000 1423; x_wconf 90' lang='lat' dir='ltr'><strong>tantorum</strong></span> <span class='ocrx_word' id='word_1_67' title='bbox 1027 1365 1083 1422; x_wconf 86' lang='lat' dir='ltr'><strong>de-</strong></span> 
     </span>
     <span class='ocr_line' id='line_1_11' title="bbox 178 1459 1084 1530; baseline -0.002 -14"><span class='ocrx_word' id='word_1_68' title='bbox 178 1459 321 1516; x_wconf 89' lang='lat' dir='ltr'><strong>decorum</strong></span> <span class='ocrx_word' id='word_1_69' title='bbox 342 1479 408 1516; x_wconf 91' lang='lat' dir='ltr'><strong>esse</strong></span> <span class='ocrx_word' id='word_1_70' title='bbox 430 1463 542 1516; x_wconf 87' lang='lat' dir='ltr'><strong>curiam</strong></span> <span class='ocrx_word' id='word_1_71' title='bbox 571 1468 693 1530; x_wconf 90' lang='lat' dir='ltr'><strong>testem,</strong></span> <span class='ocrx_word' id='word_1_72' title='bbox 717 1459 855 1517; x_wconf 89' lang='lat' dir='ltr'><strong>delectus</strong></span> <span class='ocrx_word' id='word_1_73' title='bbox 880 1467 927 1517; x_wconf 89' lang='lat' dir='ltr'><strong>est</strong></span> <span class='ocrx_word' id='word_1_74' title='bbox 949 1459 1084 1516; x_wconf 90' lang='lat' dir='ltr'><strong>celeber-</strong></span> 
     </span>
     <span class='ocr_line' id='line_1_12' title="bbox 179 1552 1084 1630; baseline -0.001 -21"><span class='ocrx_word' id='word_1_75' title='bbox 179 1557 272 1610; x_wconf 87' lang='lat' dir='ltr'><strong>rimus</strong></span> <span class='ocrx_word' id='word_1_76' title='bbox 296 1553 388 1624; x_wconf 88' lang='lat' dir='ltr'><strong>locus,</strong></span> <span class='ocrx_word' id='word_1_77' title='bbox 413 1558 444 1609; x_wconf 92' lang='lat' dir='ltr'><strong>in</strong></span> <span class='ocrx_word' id='word_1_78' title='bbox 467 1574 527 1630; x_wconf 95' lang='lat' dir='ltr'><strong>quo</strong></span> <span class='ocrx_word' id='word_1_79' title='bbox 551 1553 684 1629; x_wconf 85' lang='lat' dir='ltr'><strong>legenda</strong></span> <span class='ocrx_word' id='word_1_80' title='bbox 707 1555 926 1630; x_wconf 89' lang='lat' dir='ltr'><strong>praesentibus,</strong></span> <span class='ocrx_word' id='word_1_81' title='bbox 952 1552 1084 1628; x_wconf 86' lang='lat' dir='ltr'><strong>legenda</strong></span> 
     </span>
     <span class='ocr_line' id='line_1_13' title="bbox 179 1651 1084 1728; baseline -0.002 -20"><span class='ocrx_word' id='word_1_82' title='bbox 179 1652 288 1708; x_wconf 84' lang='lat' dir='ltr'><strong>futuris</strong></span> <span class='ocrx_word' id='word_1_83' title='bbox 322 1651 531 1728; x_wconf 88' lang='lat' dir='ltr'><strong>proderentur.</strong></span> <span class='ocrx_word' id='word_1_84' title='bbox 591 1651 707 1710; x_wconf 85' lang='lat' dir='ltr'><strong>Placuit</strong></span> <span class='ocrx_word' id='word_1_85' title='bbox 741 1671 810 1708; x_wconf 89' lang='lat' dir='ltr'><strong>aere</strong></span> <span class='ocrx_word' id='word_1_86' title='bbox 838 1654 950 1727; x_wconf 86' lang='lat' dir='ltr'><strong>signari</strong></span> <span class='ocrx_word' id='word_1_87' title='bbox 978 1669 1084 1707; x_wconf 89' lang='lat' dir='ltr'><strong>omnes</strong></span> 
     </span>
     <span class='ocr_line' id='line_1_14' title="bbox 179 1748 1084 1826; baseline 0 -21"><span class='ocrx_word' id='word_1_88' title='bbox 179 1749 309 1806; x_wconf 91' lang='lat' dir='ltr'><strong>honores</strong></span> <span class='ocrx_word' id='word_1_89' title='bbox 323 1748 552 1806; x_wconf 88' lang='lat' dir='ltr'><strong>fastidiosissimi</strong></span> <span class='ocrx_word' id='word_1_90' title='bbox 573 1754 724 1826; x_wconf 90' lang='lat' dir='ltr'><strong>mancipii,</strong></span> <span class='ocrx_word' id='word_1_91' title='bbox 739 1769 873 1826; x_wconf 89' lang='lat' dir='ltr'><strong>quosque</strong></span> <span class='ocrx_word' id='word_1_92' title='bbox 894 1749 1084 1825; x_wconf 89' lang='lat' dir='ltr'><strong>repudiasset</strong></span> 
     </span>
     <span class='ocr_line' id='line_1_15' title="bbox 180 1848 1082 1924; baseline -0.002 -20"><span class='ocrx_word' id='word_1_93' title='bbox 180 1867 325 1924; x_wconf 90' lang='lat' dir='ltr'><strong>quosque,</strong></span> <span class='ocrx_word' id='word_1_94' title='bbox 340 1855 488 1924; x_wconf 87' lang='lat' dir='ltr'><strong>quantum</strong></span> <span class='ocrx_word' id='word_1_95' title='bbox 501 1848 540 1905; x_wconf 91' lang='lat' dir='ltr'><strong>ad</strong></span> <span class='ocrx_word' id='word_1_96' title='bbox 555 1848 749 1904; x_wconf 88' lang='lat' dir='ltr'><strong>decernentis</strong></span> <span class='ocrx_word' id='word_1_97' title='bbox 763 1851 908 1923; x_wconf 86' lang='lat' dir='ltr'><strong>pertinet,</strong></span> <span class='ocrx_word' id='word_1_98' title='bbox 930 1851 1082 1924; x_wconf 85' lang='lat' dir='ltr'><strong>gessisset.</strong></span> 
     </span>
     <span class='ocr_line' id='line_1_16' title="bbox 180 1945 1085 2022; baseline -0.001 -20"><span class='ocrx_word' id='word_1_99' title='bbox 180 1947 281 2003; x_wconf 91' lang='lat' dir='ltr'><strong>Incisa</strong></span> <span class='ocrx_word' id='word_1_100' title='bbox 302 1953 335 2002; x_wconf 92' lang='lat' dir='ltr'><strong>et</strong></span> <span class='ocrx_word' id='word_1_101' title='bbox 354 1945 506 2021; x_wconf 92' lang='lat' dir='ltr'><strong>insculpta</strong></span> <span class='ocrx_word' id='word_1_102' title='bbox 526 1954 598 2002; x_wconf 90' lang='lat' dir='ltr'><strong>sunt</strong></span> <span class='ocrx_word' id='word_1_103' title='bbox 618 1946 746 2022; x_wconf 84' lang='lat' dir='ltr'><strong>publicis</strong></span> <span class='ocrx_word' id='word_1_104' title='bbox 765 1950 958 2022; x_wconf 87' lang='lat' dir='ltr'><strong>aeternisque</strong></span> <span class='ocrx_word' id='word_1_105' title='bbox 977 1965 1085 2002; x_wconf 91' lang='lat' dir='ltr'><strong>monu-</strong></span> 
     </span>
     <span class='ocr_line' id='line_1_17' title="bbox 180 2044 1085 2120; baseline -0.001 -20"><span class='ocrx_word' id='word_1_106' title='bbox 180 2048 292 2101; x_wconf 89' lang='lat' dir='ltr'><strong>mentis</strong></span> <span class='ocrx_word' id='word_1_107' title='bbox 331 2048 481 2120; x_wconf 87' lang='lat' dir='ltr'><strong>praetoria</strong></span> <span class='ocrx_word' id='word_1_108' title='bbox 520 2052 699 2101; x_wconf 89' lang='lat' dir='ltr'><strong>ornamenta</strong></span> <span class='ocrx_word' id='word_1_109' title='bbox 737 2044 881 2102; x_wconf 88' lang='lat' dir='ltr'><strong>Pallantis</strong></span> <span class='ocrx_word' id='word_1_110' title='bbox 917 2049 960 2101; x_wconf 92' lang='lat' dir='ltr'><strong>sic</strong></span> <span class='ocrx_word' id='word_1_111' title='bbox 1000 2047 1085 2120; x_wconf 88' lang='lat' dir='ltr'><strong>quasi</strong></span> 
     </span>
     <span class='ocr_line' id='line_1_18' title="bbox 180 2142 1086 2220; baseline 0.001 -23"><span class='ocrx_word' id='word_1_112' title='bbox 180 2142 304 2199; x_wconf 88' lang='lat' dir='ltr'><strong>foedera</strong></span> <span class='ocrx_word' id='word_1_113' title='bbox 337 2146 471 2218; x_wconf 89' lang='lat' dir='ltr'><strong>antiqua,</strong></span> <span class='ocrx_word' id='word_1_114' title='bbox 506 2146 548 2198; x_wconf 92' lang='lat' dir='ltr'><strong>sic</strong></span> <span class='ocrx_word' id='word_1_115' title='bbox 583 2147 667 2220; x_wconf 91' lang='lat' dir='ltr'><strong>quasi</strong></span> <span class='ocrx_word' id='word_1_116' title='bbox 701 2163 802 2200; x_wconf 89' lang='lat' dir='ltr'><strong>sacrae</strong></span> <span class='ocrx_word' id='word_1_117' title='bbox 836 2143 929 2220; x_wconf 82' lang='lat' dir='ltr'><strong>leges</strong></span> <span class='ocrx_word' id='word_1_118' title='bbox 986 2142 1086 2199; x_wconf 90' lang='lat' dir='ltr'><strong>Tanta</strong></span> 
     </span>
     <span class='ocr_line' id='line_1_19' title="bbox 180 2241 1085 2318; baseline 0.001 -22"><span class='ocrx_word' id='word_1_119' title='bbox 180 2245 334 2316; x_wconf 90' lang='lat' dir='ltr'><strong>principis,</strong></span> <span class='ocrx_word' id='word_1_120' title='bbox 347 2248 435 2297; x_wconf 81' lang='lat' dir='ltr'><strong>tanta</strong></span> <span class='ocrx_word' id='word_1_121' title='bbox 448 2248 581 2312; x_wconf 88' lang='lat' dir='ltr'><strong>senatus,</strong></span> <span class='ocrx_word' id='word_1_122' title='bbox 602 2249 689 2299; x_wconf 81' lang='lat' dir='ltr'><strong>tanta</strong></span> <span class='ocrx_word' id='word_1_123' title='bbox 712 2242 855 2300; x_wconf 89' lang='lat' dir='ltr'><strong>Pallantis</strong></span> <span class='ocrx_word' id='word_1_124' title='bbox 876 2241 1085 2318; x_wconf 88' lang='lat' dir='ltr'><strong>ipsius—quid</strong></span> 
     </span>
     <span class='ocr_line' id='line_1_20' title="bbox 180 2338 1086 2415; baseline 0.002 -21"><span class='ocrx_word' id='word_1_125' title='bbox 180 2339 288 2409; x_wconf 90' lang='lat' dir='ltr'><strong>dicam,</strong></span> <span class='ocrx_word' id='word_1_126' title='bbox 303 2341 414 2408; x_wconf 90' lang='lat' dir='ltr'><strong>nesci0,</strong></span> <span class='ocrx_word' id='word_1_127' title='bbox 429 2346 465 2395; x_wconf 91' lang='lat' dir='ltr'><strong>ut</strong></span> <span class='ocrx_word' id='word_1_128' title='bbox 478 2338 594 2396; x_wconf 90' lang='lat' dir='ltr'><strong>vellent</strong></span> <span class='ocrx_word' id='word_1_129' title='bbox 608 2343 639 2396; x_wconf 92' lang='lat' dir='ltr'><strong>iu</strong></span> <span class='ocrx_word' id='word_1_130' title='bbox 653 2340 747 2397; x_wconf 91' lang='lat' dir='ltr'><strong>oculis</strong></span> <span class='ocrx_word' id='word_1_131' title='bbox 761 2344 896 2396; x_wconf 92' lang='lat' dir='ltr'><strong>omnium</strong></span> <span class='ocrx_word' id='word_1_132' title='bbox 914 2339 965 2415; x_wconf 86' lang='lat' dir='ltr'><strong>ligi</strong></span> <span class='ocrx_word' id='word_1_133' title='bbox 988 2338 1086 2396; x_wconf 88' lang='lat' dir='ltr'><strong>Pallas</strong></span> 
     </span>
    </p>
   </div>
   <div class='ocr_carea' id='block_1_4' title="bbox 180 2435 1169 2512">
    <p class='ocr_par' dir='ltr' id='par_1_4' title="bbox 180 2435 1169 2512">
     <span class='ocr_line' id='line_1_21' title="bbox 180 2435 1169 2512; baseline 0.001 -21"><span class='ocrx_word' id='word_1_134' title='bbox 180 2435 373 2493; x_wconf 89' lang='lat' dir='ltr'><strong>insolentiam</strong></span> <span class='ocrx_word' id='word_1_135' title='bbox 401 2454 495 2506; x_wconf 89' lang='lat' dir='ltr'><strong>suam,</strong></span> <span class='ocrx_word' id='word_1_136' title='bbox 523 2441 703 2512; x_wconf 89' lang='lat' dir='ltr'><strong>patientiam</strong></span> <span class='ocrx_word' id='word_1_137' title='bbox 734 2437 852 2508; x_wconf 88' lang='lat' dir='ltr'><strong>Caesar,</strong></span> <span class='ocrx_word' id='word_1_138' title='bbox 879 2437 1085 2494; x_wconf 85' lang='lat' dir='ltr'><strong>humilitatem</strong></span> <span class='ocrx_word' id='word_1_139' title='bbox 1165 2485 1169 2492; x_wconf 91' lang='lat'><em>.</em></span> 
     </span>
    </p>
   </div>
   <div class='ocr_carea' id='block_1_5' title="bbox 181 2543 1088 3102">
    <p class='ocr_par' dir='ltr' id='par_1_5' title="bbox 181 2543 311 2592">
     <span class='ocr_line' id='line_1_22' title="bbox 181 2543 311 2592; baseline -0.008 0"><span class='ocrx_word' id='word_1_140' title='bbox 181 2543 311 2592; x_wconf 75' lang='lat' dir='ltr'><strong>senatus,</strong></span> 
     </span>
    </p>

    <p class='ocr_par' dir='ltr' id='par_1_6' title="bbox 181 2627 1088 3102">
     <span class='ocr_line' id='line_1_23' title="bbox 223 2627 1087 2711; baseline 0.002 -23"><span class='ocrx_word' id='word_1_141' title='bbox 223 2633 287 2690; x_wconf 90' lang='lat' dir='ltr'><strong>Nec</strong></span> <span class='ocrx_word' id='word_1_142' title='bbox 301 2632 412 2710; x_wconf 91' lang='lat' dir='ltr'><strong>puduit</strong></span> <span class='ocrx_word' id='word_1_143' title='bbox 432 2637 580 2690; x_wconf 89' lang='lat' dir='ltr'><strong>rationem</strong></span> <span class='ocrx_word' id='word_1_144' title='bbox 601 2633 784 2711; x_wconf 88' lang='lat' dir='ltr'><strong>turpitudini</strong></span> <span class='ocrx_word' id='word_1_145' title='bbox 805 2634 984 2706; x_wconf 86' lang='lat' dir='ltr'><strong>obtendere,</strong></span> <span class='ocrx_word' id='word_1_146' title='bbox 998 2627 1087 2710; x_wconf 85' lang='lat' dir='ltr'><strong>egre-</strong></span> 
     </span>
     <span class='ocr_line' id='line_1_24' title="bbox 181 2730 1088 2807; baseline -0.001 -20"><span class='ocrx_word' id='word_1_147' title='bbox 181 2735 261 2807; x_wconf 86' lang='lat' dir='ltr'><strong>giam</strong></span> <span class='ocrx_word' id='word_1_148' title='bbox 290 2730 413 2807; x_wconf 91' lang='lat' dir='ltr'><strong>quidem</strong></span> <span class='ocrx_word' id='word_1_149' title='bbox 441 2730 657 2807; x_wconf 91' lang='lat' dir='ltr'><strong>pulchramque</strong></span> <span class='ocrx_word' id='word_1_150' title='bbox 679 2735 837 2802; x_wconf 90' lang='lat' dir='ltr'><strong>rationem,</strong></span> <span class='ocrx_word' id='word_1_151' title='bbox 865 2739 918 2788; x_wconf 88' lang='lat' dir='ltr'><strong>‘ut</strong></span> <span class='ocrx_word' id='word_1_152' title='bbox 945 2731 1088 2806; x_wconf 84' lang='lat' dir='ltr'><strong>exemplo</strong></span> 
     </span>
     <span class='ocr_line' id='line_1_25' title="bbox 183 2829 1088 2905; baseline 0.001 -21"><span class='ocrx_word' id='word_1_153' title='bbox 183 2829 326 2885; x_wconf 89' lang='lat' dir='ltr'><strong>Pallantis</strong></span> <span class='ocrx_word' id='word_1_154' title='bbox 340 2833 541 2905; x_wconf 90' lang='lat' dir='ltr'><strong>praemiorum</strong></span> <span class='ocrx_word' id='word_1_155' title='bbox 565 2829 603 2886; x_wconf 87' lang='lat' dir='ltr'><strong>ad</strong></span> <span class='ocrx_word' id='word_1_156' title='bbox 618 2829 752 2887; x_wconf 90' lang='lat' dir='ltr'><strong>studium</strong></span> <span class='ocrx_word' id='word_1_157' title='bbox 766 2830 976 2888; x_wconf 88' lang='lat' dir='ltr'><strong>aemulationis</strong></span> <span class='ocrx_word' id='word_1_158' title='bbox 990 2834 1088 2886; x_wconf 90' lang='lat' dir='ltr'><strong>ceteri</strong></span> 
     </span>
     <span class='ocr_line' id='line_1_26' title="bbox 182 2921 1087 3002; baseline 0.002 -20"><span class='ocrx_word' id='word_1_159' title='bbox 182 2927 433 3002; x_wconf 89' lang='lat' dir='ltr'><strong>provocarentur.&#39;</strong></span> <span class='ocrx_word' id='word_1_160' title='bbox 498 2926 542 2982; x_wconf 87' lang='lat' dir='ltr'><strong>Ea</strong></span> <span class='ocrx_word' id='word_1_161' title='bbox 569 2926 717 2984; x_wconf 90' lang='lat' dir='ltr'><strong>honorum</strong></span> <span class='ocrx_word' id='word_1_162' title='bbox 739 2928 838 2985; x_wconf 89' lang='lat' dir='ltr'><strong>vilitas</strong></span> <span class='ocrx_word' id='word_1_163' title='bbox 866 2935 941 2998; x_wconf 86' lang='lat' dir='ltr'><strong>erat,</strong></span> <span class='ocrx_word' id='word_1_164' title='bbox 964 2921 1087 2984; x_wconf 88' lang='lat' dir='ltr'><strong>illorum</strong></span> 
     </span>
     <span class='ocr_line' id='line_1_27' title="bbox 182 3025 1088 3102; baseline 0.002 -22"><span class='ocrx_word' id='word_1_165' title='bbox 182 3028 284 3096; x_wconf 87' lang='lat' dir='ltr'><strong>etiam,</strong></span> <span class='ocrx_word' id='word_1_166' title='bbox 299 3044 372 3100; x_wconf 94' lang='lat' dir='ltr'><strong>quos</strong></span> <span class='ocrx_word' id='word_1_167' title='bbox 388 3025 484 3082; x_wconf 90' lang='lat' dir='ltr'><strong>Pallas</strong></span> <span class='ocrx_word' id='word_1_168' title='bbox 499 3045 560 3081; x_wconf 94' lang='lat' dir='ltr'><strong>non</strong></span> <span class='ocrx_word' id='word_1_169' title='bbox 575 3025 803 3102; x_wconf 88' lang='lat' dir='ltr'><strong>dedignabatur.</strong></span> <span class='ocrx_word' id='word_1_170' title='bbox 848 3025 1088 3083; x_wconf 86' lang='lat' dir='ltr'><strong>Inveniebantur</strong></span> 
     </span>
    </p>
   </div>
   <div class='ocr_carea' id='block_1_6' title="bbox 182 3180 1087 3311">
    <p class='ocr_par' dir='ltr' id='par_1_7' title="bbox 182 3180 1087 3311">
     <span class='ocr_line' id='line_1_28' title="bbox 215 3180 1087 3248; baseline 0.003 -19"><span class='ocrx_word' id='word_1_171' title='bbox 215 3188 228 3210; x_wconf 76' lang='lat'><strong>⁰</strong></span> <span class='ocrx_word' id='word_1_172' title='bbox 244 3180 362 3241; x_wconf 82' lang='lat' dir='ltr'><strong>loricato,</strong></span> <span class='ocrx_word' id='word_1_173' title='bbox 385 3183 525 3248; x_wconf 86' lang='lat' dir='ltr'><strong>“wearing</strong></span> <span class='ocrx_word' id='word_1_174' title='bbox 542 3199 558 3232; x_wconf 90' lang='lat' dir='ltr'><strong>a</strong></span> <span class='ocrx_word' id='word_1_175' title='bbox 575 3183 701 3244; x_wconf 88' lang='lat' dir='ltr'><strong>cuirass,”</strong></span> <span class='ocrx_word' id='word_1_176' title='bbox 720 3201 803 3234; x_wconf 84' lang='lat' dir='ltr'><strong>seems</strong></span> <span class='ocrx_word' id='word_1_177' title='bbox 820 3192 849 3234; x_wconf 91' lang='lat' dir='ltr'><strong>to</strong></span> <span class='ocrx_word' id='word_1_178' title='bbox 866 3185 933 3233; x_wconf 83' lang='lat' dir='ltr'><strong>hav&#39;e</strong></span> <span class='ocrx_word' id='word_1_179' title='bbox 954 3184 1021 3234; x_wconf 82' lang='lat' dir='ltr'><strong>been</strong></span> <span class='ocrx_word' id='word_1_180' title='bbox 1039 3183 1087 3232; x_wconf 87' lang='lat' dir='ltr'><strong>the</strong></span> 
     </span>
     <span class='ocr_line' id='line_1_29' title="bbox 182 3246 1084 3311; baseline 0.007 -18"><span class='ocrx_word' id='word_1_181' title='bbox 182 3246 288 3308; x_wconf 85' lang='lat' dir='ltr'><strong>regular</strong></span> <span class='ocrx_word' id='word_1_182' title='bbox 298 3246 466 3311; x_wconf 84' lang='lat' dir='ltr'><strong>designation</strong></span> <span class='ocrx_word' id='word_1_183' title='bbox 477 3249 505 3297; x_wconf 83' lang='lat' dir='ltr'><strong>oi</strong></span> <span class='ocrx_word' id='word_1_184' title='bbox 516 3249 571 3298; x_wconf 84' lang='lat' dir='ltr'><strong>this</strong></span> <span class='ocrx_word' id='word_1_185' title='bbox 583 3254 681 3310; x_wconf 83' lang='lat' dir='ltr'><strong>statue,</strong></span> <span class='ocrx_word' id='word_1_186' title='bbox 693 3249 778 3299; x_wconf 89' lang='lat' dir='ltr'><strong>which</strong></span> <span class='ocrx_word' id='word_1_187' title='bbox 791 3249 868 3300; x_wconf 86' lang='lat' dir='ltr'><strong>stood</strong></span> <span class='ocrx_word' id='word_1_188' title='bbox 880 3251 908 3299; x_wconf 91' lang='lat' dir='ltr'><strong>in</strong></span> <span class='ocrx_word' id='word_1_189' title='bbox 920 3251 966 3299; x_wconf 86' lang='lat' dir='ltr'><strong>the</strong></span> <span class='ocrx_word' id='word_1_190' title='bbox 978 3249 1084 3299; x_wconf 83' lang='lat' dir='ltr'><strong>Forum.</strong></span> 
     </span>
    </p>
   </div>
   <div class='ocr_carea' id='block_1_7' title="bbox 186 3355 242 3396">
    <p class='ocr_par' dir='ltr' id='par_1_8' title="bbox 186 3355 242 3396">
     <span class='ocr_line' id='line_1_30' title="bbox 186 3355 242 3396; baseline 0 -1"><span class='ocrx_word' id='word_1_191' title='bbox 186 3355 242 3396; x_wconf 86' lang='lat'><strong>110</strong></span> 
     </span>
    </p>
   </div>
   <div class='ocr_carea' id='block_1_8' title="bbox 0 126 1232 3790">
    <p class='ocr_par' dir='ltr' id='par_1_9' title="bbox 0 126 1232 3790">
     <span class='ocr_line' id='line_1_31' title="bbox 0 126 1232 3790; baseline 0 0"><span class='ocrx_word' id='word_1_192' title='bbox 0 126 1232 3790; x_wconf 95' lang='lat' dir='ltr'><strong> </strong></span> 
     </span>
    </p>
   </div>
  </div>
 </body>
</html>
