2334 3686
348 249 437 309 THE
466 246 649 310 LETTERS
678 246 733 310 OF
763 248 888 308 PLlNY

576 487 661 544 CXII

346 630 377 687 C.
403 629 523 686 Pnurus
545 628 683 686 Turrino
706 628 893 685 Inrsnsronr

210 769 274 828 Lex
310 770 461 846 Pompeia,
490 769 622 840 domine,
651 789 710 846 qua
739 767 863 845 Bithyni
893 776 925 825 et
955 767 1073 824 Pontici

170 902 306 964 utuntur,
336 913 397 964 eos,
420 897 471 971 qui
494 897 526 949 in
549 892 642 950 bulen
669 912 687 949 a
716 893 889 950 censoribus
917 891 1074 967 leguntur,

169 1018 242 1076 dare
266 1021 426 1094 pecuniam
447 1035 508 1073 non
531 1017 637 1084 iubct;
659 1016 713 1074 sed
733 1020 764 1087 ii,
784 1036 858 1094 quos
882 1015 1076 1092 indulgentia

170 1149 223 1198 tua
236 1139 416 1218 quibusdam
430 1140 603 1197 civitatibus
617 1158 708 1215 super
720 1138 892 1216 legitimum
914 1157 1076 1195 numerum

170 1265 290 1322 adicere
303 1268 450 1341 permisit,
466 1271 498 1320 et
512 1263 630 1340 singula
649 1263 731 1320 milia
751 1263 942 1320 denariorum
957 1270 990 1320 et
1005 1263 1077 1320 bina

171 1389 349 1447 intulerunt.
394 1388 519 1444 Anicius
539 1386 652 1444 deinde
668 1387 818 1444 Maximus
841 1385 1002 1463 proconsul
1028 1405 1080 1443 eos

174 1515 276 1581 etiam,
311 1513 362 1587 qui
390 1530 407 1565 a
435 1510 609 1567 censoribus
637 1510 824 1585 legerentur,
850 1510 1012 1568 dumtaxat
1049 1514 1078 1566 in

174 1636 358 1708 paucissimis
393 1634 565 1690 civitatibus
603 1632 686 1690 aliud
725 1632 790 1690 aliis
828 1637 914 1690 iussit
952 1632 1078 1690 inferre.

174 1757 320 1832 Superest
348 1776 432 1832 ergo,
459 1764 494 1814 ut
522 1761 586 1833 ipse
614 1757 763 1834 dispicias,
798 1777 837 1814 an
871 1761 903 1813 in
937 1759 1081 1816 omnibus

174 1881 347 1938 civitatibus
361 1888 479 1938 certum
493 1880 607 1958 aliquid
622 1901 738 1952 omnes,
751 1885 802 1958 qui
813 1879 925 1938 deinde
934 1879 1082 1938 buleutae

175 2005 329 2081 leguntur,
355 2004 489 2062 debeant
503 2024 557 2081 pro
571 2009 697 2062 introitu
720 2003 800 2061 dare.
845 2005 923 2061 Nam
944 2004 1028 2081 quod
1051 2009 1081 2060 in

176 2135 358 2204 perpetuum
372 2148 545 2186 mansurum
561 2136 617 2199 est,
632 2149 650 2184 a
663 2137 695 2186 te
710 2132 853 2186 constitui
872 2127 973 2197 decet,
995 2132 1083 2185 cuius

177 2250 265 2307 factis
279 2250 429 2329 dictisque
441 2252 571 2309 debetur
585 2256 757 2310 aeternitas.

464 2573 466 2576 v
575 2498 678 2556 cxnr

488 2631 643 2688 Turrinus
666 2635 770 2710 Ptnuo

220 2764 431 2822 Honournrruu
455 2763 669 2822 decurionatus
693 2784 807 2834 omnes,
833 2768 884 2841 qui
906 2767 938 2820 in
961 2783 1084 2842 quaque

178 2873 301 2926 civitate
325 2868 486 2946 Bithyniae
507 2869 686 2927 decuriones
706 2869 792 2940 fiunt,
813 2870 925 2926 inferre
947 2870 1084 2928 debeant

178 2995 285 3046 necne,
300 2980 332 3032 in
347 2980 519 3033 universum
533 2996 551 3031 a
564 2996 614 3032 me
629 2996 690 3033 non
704 2984 806 3052 potest
820 2979 920 3034 statui.
958 2977 994 3034 Id
1010 2997 1084 3054 ergo

178 3082 258 3158 quod
284 3102 403 3158 semper
426 3087 610 3141 tutissimum
639 3092 696 3154 est,
724 3083 910 3161 sequendam
937 3090 1084 3162 cuiusque

179 3206 238 3256 420
