<?xml version="1.0" encoding="UTF-8"?>
<!DOCTYPE html PUBLIC "-//W3C//DTD XHTML 1.0 Transitional//EN"
    "http://www.w3.org/TR/xhtml1/DTD/xhtml1-transitional.dtd">
<html xmlns="http://www.w3.org/1999/xhtml" xml:lang="en" lang="en">
 <head>
  <title>
</title>
<meta http-equiv="Content-Type" content="text/html;charset=utf-8" />
  <meta name='ocr-system' content='tesseract 3.04.00' />
  <meta name='ocr-capabilities' content='ocr_page ocr_carea ocr_par ocr_line ocrx_word'/>
</head>
<body>
  <div class='ocr_page' id='page_1' title='image "./letters00hutcgoog/letters00hutcgoog_0277.png"; bbox 0 0 2352 3802; ppageno 0'>
   <div class='ocr_carea' id='block_1_1' title="bbox 358 401 898 462">
    <p class='ocr_par' dir='ltr' id='par_1_1' title="bbox 358 401 898 462">
     <span class='ocr_line' id='line_1_1' title="bbox 358 401 898 462; baseline -0.004 -2"><span class='ocrx_word' id='word_1_1' title='bbox 358 403 447 460; x_wconf 91' lang='lat' dir='ltr'><strong>THE</strong></span> <span class='ocrx_word' id='word_1_2' title='bbox 475 401 659 462; x_wconf 77' lang='lat' dir='ltr'>LETTERS</span> <span class='ocrx_word' id='word_1_3' title='bbox 688 403 743 461; x_wconf 91' lang='lat' dir='ltr'><strong>OF</strong></span> <span class='ocrx_word' id='word_1_4' title='bbox 771 401 898 460; x_wconf 91' lang='lat' dir='ltr'>PLINY</span> 
     </span>
    </p>
   </div>
   <div class='ocr_carea' id='block_1_2' title="bbox 122 559 1158 1909">
    <p class='ocr_par' dir='ltr' id='par_1_2' title="bbox 173 559 1082 966">
     <span class='ocr_line' id='line_1_2' title="bbox 175 559 1081 638; baseline -0.002 -19"><span class='ocrx_word' id='word_1_5' title='bbox 175 562 281 632; x_wconf 92' lang='lat' dir='ltr'><strong>solum,</strong></span> <span class='ocrx_word' id='word_1_6' title='bbox 303 562 413 638; x_wconf 92' lang='lat' dir='ltr'><strong>quibus</strong></span> <span class='ocrx_word' id='word_1_7' title='bbox 434 565 566 638; x_wconf 79' lang='lat' dir='ltr'><strong>parietes</strong></span> <span class='ocrx_word' id='word_1_8' title='bbox 588 559 772 618; x_wconf 85' lang='lat' dir='ltr'><strong>excolantur.</strong></span> <span class='ocrx_word' id='word_1_9' title='bbox 817 559 884 617; x_wconf 91' lang='lat' dir='ltr'><strong>Erit</strong></span> <span class='ocrx_word' id='word_1_10' title='bbox 911 563 1004 617; x_wconf 86' lang='lat' dir='ltr'><strong>etiam</strong></span> <span class='ocrx_word' id='word_1_11' title='bbox 1033 560 1081 618; x_wconf 94' lang='lat' dir='ltr'><strong>vel</strong></span> 
     </span>
     <span class='ocr_line' id='line_1_3' title="bbox 174 675 1082 753; baseline 0 -20"><span class='ocrx_word' id='word_1_12' title='bbox 174 676 348 734; x_wconf 84' lang='lat' dir='ltr'><strong>faciendum</strong></span> <span class='ocrx_word' id='word_1_13' title='bbox 371 677 420 734; x_wconf 94' lang='lat' dir='ltr'><strong>vel</strong></span> <span class='ocrx_word' id='word_1_14' title='bbox 448 675 612 734; x_wconf 90' lang='lat' dir='ltr'><strong>emendum</strong></span> <span class='ocrx_word' id='word_1_15' title='bbox 634 679 727 752; x_wconf 92' lang='lat' dir='ltr'><strong>ipsius</strong></span> <span class='ocrx_word' id='word_1_16' title='bbox 754 675 831 734; x_wconf 75' lang='lat' dir='ltr'><strong>deae</strong></span> <span class='ocrx_word' id='word_1_17' title='bbox 856 679 986 752; x_wconf 84' lang='lat' dir='ltr'><strong>signum,</strong></span> <span class='ocrx_word' id='word_1_18' title='bbox 1011 680 1082 753; x_wconf 86' lang='lat' dir='ltr'><strong>quia</strong></span> 
     </span>
     <span class='ocr_line' id='line_1_4' title="bbox 173 790 1082 870; baseline 0.001 -22"><span class='ocrx_word' id='word_1_19' title='bbox 173 796 334 870; x_wconf 86' lang='lat' dir='ltr'><strong>antiquum</strong></span> <span class='ocrx_word' id='word_1_20' title='bbox 355 792 470 849; x_wconf 84' lang='lat' dir='ltr'>illude</span> <span class='ocrx_word' id='word_1_21' title='bbox 497 791 582 868; x_wconf 87' lang='lat' dir='ltr'><strong>ligno</strong></span> <span class='ocrx_word' id='word_1_22' title='bbox 605 790 784 869; x_wconf 86' lang='lat' dir='ltr'><strong>quibusdam</strong></span> <span class='ocrx_word' id='word_1_23' title='bbox 806 795 851 850; x_wconf 92' lang='lat' dir='ltr'><strong>sui</strong></span> <span class='ocrx_word' id='word_1_24' title='bbox 873 792 1009 869; x_wconf 82' lang='lat' dir='ltr'><strong>partibus</strong></span> <span class='ocrx_word' id='word_1_25' title='bbox 1031 813 1082 849; x_wconf 89' lang='lat' dir='ltr'><strong>ve-</strong></span> 
     </span>
     <span class='ocr_line' id='line_1_5' title="bbox 174 915 550 966; baseline -0.005 0"><span class='ocrx_word' id='word_1_26' title='bbox 174 916 290 966; x_wconf 75' lang='lat' dir='ltr'><strong>tustate</strong></span> <span class='ocrx_word' id='word_1_27' title='bbox 306 916 480 965; x_wconf 82' lang='lat' dir='ltr'><strong>truncatum</strong></span> <span class='ocrx_word' id='word_1_28' title='bbox 495 915 550 965; x_wconf 88' lang='lat' dir='ltr'><strong>est.</strong></span> 
     </span>
    </p>

    <p class='ocr_par' dir='ltr' id='par_1_3' title="bbox 122 1022 1158 1909">
     <span class='ocr_line' id='line_1_6' title="bbox 216 1022 1081 1100; baseline 0 -20"><span class='ocrx_word' id='word_1_29' title='bbox 216 1023 374 1094; x_wconf 86' lang='lat' dir='ltr'><strong>Quantum</strong></span> <span class='ocrx_word' id='word_1_30' title='bbox 388 1024 427 1081; x_wconf 83' lang='lat' dir='ltr'><strong>ad</strong></span> <span class='ocrx_word' id='word_1_31' title='bbox 448 1027 590 1100; x_wconf 90' lang='lat' dir='ltr'><strong>porticus,</strong></span> <span class='ocrx_word' id='word_1_32' title='bbox 605 1022 681 1079; x_wconf 91' lang='lat' dir='ltr'><strong>nihil</strong></span> <span class='ocrx_word' id='word_1_33' title='bbox 703 1027 826 1081; x_wconf 81' lang='lat' dir='ltr'>interim</span> <span class='ocrx_word' id='word_1_34' title='bbox 845 1027 984 1094; x_wconf 90' lang='lat' dir='ltr'><strong>occurrit,</strong></span> <span class='ocrx_word' id='word_1_35' title='bbox 999 1023 1081 1100; x_wconf 93' lang='lat' dir='ltr'><strong>quod</strong></span> 
     </span>
     <span class='ocr_line' id='line_1_7' title="bbox 175 1138 1081 1214; baseline -0.001 -18"><span class='ocrx_word' id='word_1_36' title='bbox 175 1139 314 1196; x_wconf 82' lang='lat' dir='ltr'><strong>videatur</strong></span> <span class='ocrx_word' id='word_1_37' title='bbox 346 1143 436 1197; x_wconf 88' lang='lat' dir='ltr'><strong>istinc</strong></span> <span class='ocrx_word' id='word_1_38' title='bbox 464 1157 530 1196; x_wconf 90' lang='lat' dir='ltr'><strong>esse</strong></span> <span class='ocrx_word' id='word_1_39' title='bbox 558 1138 779 1214; x_wconf 68' lang='lat' dir='ltr'><strong>repetendum</strong></span> <span class='ocrx_word' id='word_1_40' title='bbox 814 1141 872 1195; x_wconf 91' lang='lat' dir='ltr'><strong>nisi</strong></span> <span class='ocrx_word' id='word_1_41' title='bbox 906 1145 1012 1195; x_wconf 79' lang='lat' dir='ltr'><strong>tamen</strong></span> <span class='ocrx_word' id='word_1_42' title='bbox 1046 1146 1081 1195; x_wconf 92' lang='lat' dir='ltr'><strong>ut</strong></span> 
     </span>
     <span class='ocr_line' id='line_1_8' title="bbox 122 1251 1156 1329; baseline 0 -19"><span class='ocrx_word' id='word_1_43' title='bbox 122 1261 126 1268; x_wconf 91' lang='grc'><em>“</em></span> <span class='ocrx_word' id='word_1_44' title='bbox 174 1253 301 1310; x_wconf 85' lang='lat' dir='ltr'><strong>formam</strong></span> <span class='ocrx_word' id='word_1_45' title='bbox 330 1251 497 1311; x_wconf 90' lang='lat' dir='ltr'><strong>secundum</strong></span> <span class='ocrx_word' id='word_1_46' title='bbox 532 1257 681 1310; x_wconf 87' lang='lat' dir='ltr'><strong>rationem</strong></span> <span class='ocrx_word' id='word_1_47' title='bbox 715 1252 773 1309; x_wconf 89' lang='lat' dir='ltr'><strong>loci</strong></span> <span class='ocrx_word' id='word_1_48' title='bbox 808 1253 927 1310; x_wconf 85' lang='lat' dir='ltr'><strong>scribas.</strong></span> <span class='ocrx_word' id='word_1_49' title='bbox 971 1251 1080 1329; x_wconf 88' lang='lat' dir='ltr'>Neque</span> <span class='ocrx_word' id='word_1_50' title='bbox 1154 1262 1156 1295; x_wconf 73' lang='lat' dir='ltr'><strong>l</strong></span> 
     </span>
     <span class='ocr_line' id='line_1_9' title="bbox 162 1366 1157 1444; baseline -0.003 -19"><span class='ocrx_word' id='word_1_51' title='bbox 162 1373 258 1426; x_wconf 85' lang='lat' dir='ltr'><strong>enim</strong></span> <span class='ocrx_word' id='word_1_52' title='bbox 273 1375 400 1444; x_wconf 81' lang='lat' dir='ltr'><strong>possunt</strong></span> <span class='ocrx_word' id='word_1_53' title='bbox 414 1367 591 1424; x_wconf 84' lang='lat' dir='ltr'><strong>circumdari</strong></span> <span class='ocrx_word' id='word_1_54' title='bbox 605 1366 741 1443; x_wconf 89' lang='lat' dir='ltr'><strong>templo;</strong></span> <span class='ocrx_word' id='word_1_55' title='bbox 763 1387 833 1424; x_wconf 85' lang='lat' dir='ltr'><strong>nam</strong></span> <span class='ocrx_word' id='word_1_56' title='bbox 854 1366 950 1424; x_wconf 91' lang='lat' dir='ltr'><strong>solum</strong></span> <span class='ocrx_word' id='word_1_57' title='bbox 972 1367 1081 1443; x_wconf 88' lang='lat' dir='ltr'><strong>templi</strong></span> <span class='ocrx_word' id='word_1_58' title='bbox 1156 1411 1157 1414; x_wconf 15' lang='grc' dir='ltr'>η</span> 
     </span>
     <span class='ocr_line' id='line_1_10' title="bbox 175 1472 1156 1558; baseline -0.002 -18"><span class='ocrx_word' id='word_1_59' title='bbox 175 1483 246 1540; x_wconf 90' lang='lat' dir='ltr'><strong>hinc</strong></span> <span class='ocrx_word' id='word_1_60' title='bbox 266 1482 389 1540; x_wconf 88' lang='lat' dir='ltr'><strong>flumine</strong></span> <span class='ocrx_word' id='word_1_61' title='bbox 405 1491 438 1540; x_wconf 90' lang='lat' dir='ltr'><strong>et</strong></span> <span class='ocrx_word' id='word_1_62' title='bbox 457 1484 675 1558; x_wconf 84' lang='lat' dir='ltr'><strong>abruptissimis</strong></span> <span class='ocrx_word' id='word_1_63' title='bbox 690 1485 772 1558; x_wconf 89' lang='lat' dir='ltr'><strong>ripis,</strong></span> <span class='ocrx_word' id='word_1_64' title='bbox 787 1481 858 1538; x_wconf 88' lang='lat' dir='ltr'><strong>hinc</strong></span> <span class='ocrx_word' id='word_1_65' title='bbox 872 1486 920 1538; x_wconf 85' lang='lat' dir='ltr'><strong>via</strong></span> <span class='ocrx_word' id='word_1_66' title='bbox 937 1486 1080 1558; x_wconf 84' lang='lat' dir='ltr'><strong>cingitur.</strong></span> <span class='ocrx_word' id='word_1_67' title='bbox 1153 1472 1156 1513; x_wconf 72' lang='lat'>³</span> 
     </span>
     <span class='ocr_line' id='line_1_11' title="bbox 175 1597 1080 1675; baseline -0.001 -18"><span class='ocrx_word' id='word_1_68' title='bbox 175 1600 231 1657; x_wconf 91' lang='lat' dir='ltr'><strong>Est</strong></span> <span class='ocrx_word' id='word_1_69' title='bbox 252 1599 331 1655; x_wconf 86' lang='lat' dir='ltr'><strong>ultra</strong></span> <span class='ocrx_word' id='word_1_70' title='bbox 346 1601 424 1654; x_wconf 82' lang='lat' dir='ltr'><strong>viam</strong></span> <span class='ocrx_word' id='word_1_71' title='bbox 444 1597 624 1655; x_wconf 80' lang='lat' dir='ltr'><strong>latissimum</strong></span> <span class='ocrx_word' id='word_1_72' title='bbox 645 1605 775 1674; x_wconf 86' lang='lat' dir='ltr'><strong>pratum,</strong></span> <span class='ocrx_word' id='word_1_73' title='bbox 789 1602 822 1654; x_wconf 89' lang='lat' dir='ltr'><strong>in</strong></span> <span class='ocrx_word' id='word_1_74' title='bbox 843 1617 903 1675; x_wconf 93' lang='lat' dir='ltr'><strong>quo</strong></span> <span class='ocrx_word' id='word_1_75' title='bbox 921 1602 994 1656; x_wconf 80' lang='lat' dir='ltr'><strong>satis</strong></span> <span class='ocrx_word' id='word_1_76' title='bbox 1007 1606 1080 1675; x_wconf 87' lang='lat' dir='ltr'><strong>apte</strong></span> 
     </span>
     <span class='ocr_line' id='line_1_12' title="bbox 175 1713 1157 1799; baseline -0.003 -26"><span class='ocrx_word' id='word_1_77' title='bbox 175 1722 280 1773; x_wconf 84' lang='lat' dir='ltr'><strong>contra</strong></span> <span class='ocrx_word' id='word_1_78' title='bbox 304 1713 453 1789; x_wconf 89' lang='lat' dir='ltr'><strong>templum</strong></span> <span class='ocrx_word' id='word_1_79' title='bbox 475 1717 574 1789; x_wconf 93' lang='lat' dir='ltr'><strong>ipsum</strong></span> <span class='ocrx_word' id='word_1_80' title='bbox 592 1718 726 1789; x_wconf 89' lang='lat' dir='ltr'><strong>porticus</strong></span> <span class='ocrx_word' id='word_1_81' title='bbox 750 1713 1001 1789; x_wconf 82' lang='lat' dir='ltr'><strong>explicabuntur3</strong></span> <span class='ocrx_word' id='word_1_82' title='bbox 1023 1717 1081 1771; x_wconf 93' lang='lat' dir='ltr'><strong>nisi</strong></span> <span class='ocrx_word' id='word_1_83' title='bbox 1154 1775 1157 1799; x_wconf 33' lang='lat' dir='ltr'>i</span> 
     </span>
     <span class='ocr_line' id='line_1_13' title="bbox 174 1828 1158 1909; baseline -0.001 -22"><span class='ocrx_word' id='word_1_84' title='bbox 174 1828 248 1909; x_wconf 91' lang='lat' dir='ltr'><strong>quid</strong></span> <span class='ocrx_word' id='word_1_85' title='bbox 258 1837 293 1887; x_wconf 89' lang='lat' dir='ltr'><strong>tu</strong></span> <span class='ocrx_word' id='word_1_86' title='bbox 304 1829 412 1887; x_wconf 92' lang='lat' dir='ltr'><strong>melius</strong></span> <span class='ocrx_word' id='word_1_87' title='bbox 423 1832 585 1900; x_wconf 89' lang='lat' dir='ltr'><strong>inveneris,</strong></span> <span class='ocrx_word' id='word_1_88' title='bbox 595 1832 647 1906; x_wconf 94' lang='lat' dir='ltr'><strong>qui</strong></span> <span class='ocrx_word' id='word_1_89' title='bbox 658 1829 736 1886; x_wconf 92' lang='lat' dir='ltr'><strong>soles</strong></span> <span class='ocrx_word' id='word_1_90' title='bbox 743 1829 877 1887; x_wconf 89' lang='lat' dir='ltr'><strong>locorum</strong></span> <span class='ocrx_word' id='word_1_91' title='bbox 886 1828 1080 1887; x_wconf 80' lang='lat' dir='ltr'><strong>difficultates</strong></span> <span class='ocrx_word' id='word_1_92' title='bbox 1156 1851 1158 1876; x_wconf 57' lang='lat' dir='ltr'><strong>i</strong></span> 
     </span>
    </p>
   </div>
   <div class='ocr_carea' id='block_1_3' title="bbox 174 1943 532 2022">
    <p class='ocr_par' dir='ltr' id='par_1_4' title="bbox 174 1943 532 2022">
     <span class='ocr_line' id='line_1_14' title="bbox 174 1943 532 2022; baseline -0.008 -20"><span class='ocrx_word' id='word_1_93' title='bbox 174 1953 239 2004; x_wconf 86' lang='lat' dir='ltr'><strong>arte</strong></span> <span class='ocrx_word' id='word_1_94' title='bbox 255 1965 404 2022; x_wconf 80' lang='lat' dir='ltr'><strong>superare.</strong></span> <span class='ocrx_word' id='word_1_95' title='bbox 450 1943 532 2000; x_wconf 85' lang='lat' dir='ltr'>Vale.</span> 
     </span>
    </p>
   </div>
   <div class='ocr_carea' id='block_1_4' title="bbox 410 2139 838 2335">
    <p class='ocr_par' dir='ltr' id='par_1_5' title="bbox 410 2139 838 2335">
     <span class='ocr_line' id='line_1_15' title="bbox 599 2139 656 2198; baseline -0.035 0"><span class='ocrx_word' id='word_1_96' title='bbox 599 2139 656 2198; x_wconf 88' lang='lat' dir='ltr'><strong>XL</strong></span> 
     </span>
     <span class='ocr_line' id='line_1_16' title="bbox 410 2270 838 2335; baseline -0.002 -6"><span class='ocrx_word' id='word_1_97' title='bbox 410 2273 443 2335; x_wconf 89' lang='lat' dir='ltr'><strong>C.</strong></span> <span class='ocrx_word' id='word_1_98' title='bbox 467 2273 587 2330; x_wconf 82' lang='lat' dir='ltr'><strong>Puruus</strong></span> <span class='ocrx_word' id='word_1_99' title='bbox 609 2273 705 2329; x_wconf 87' lang='lat' dir='ltr'><strong>Fusco</strong></span> <span class='ocrx_word' id='word_1_100' title='bbox 727 2271 788 2330; x_wconf 88' lang='lat' dir='ltr'><strong>Suo</strong></span> <span class='ocrx_word' id='word_1_101' title='bbox 810 2270 838 2329; x_wconf 92' lang='lat' dir='ltr'><strong>S.</strong></span> 
     </span>
    </p>
   </div>
   <div class='ocr_carea' id='block_1_5' title="bbox 173 2403 1155 2943">
    <p class='ocr_par' dir='ltr' id='par_1_6' title="bbox 173 2403 1155 2943">
     <span class='ocr_line' id='line_1_17' title="bbox 214 2403 1080 2482; baseline -0.005 -19"><span class='ocrx_word' id='word_1_102' title='bbox 214 2404 328 2463; x_wconf 81' lang='lat' dir='ltr'><strong>Scnrurs</strong></span> <span class='ocrx_word' id='word_1_103' title='bbox 349 2413 506 2482; x_wconf 79' lang='lat' dir='ltr'><strong>pergratas</strong></span> <span class='ocrx_word' id='word_1_104' title='bbox 527 2406 583 2463; x_wconf 90' lang='lat' dir='ltr'><strong>tibi</strong></span> <span class='ocrx_word' id='word_1_105' title='bbox 606 2404 697 2462; x_wconf 86' lang='lat' dir='ltr'><strong>fuisse</strong></span> <span class='ocrx_word' id='word_1_106' title='bbox 718 2405 837 2462; x_wconf 83' lang='lat' dir='ltr'><strong>litteras</strong></span> <span class='ocrx_word' id='word_1_107' title='bbox 857 2423 950 2474; x_wconf 87' lang='lat' dir='ltr'><strong>meas,</strong></span> <span class='ocrx_word' id='word_1_108' title='bbox 970 2403 1080 2480; x_wconf 92' lang='lat' dir='ltr'><strong>quibus</strong></span> 
     </span>
     <span class='ocr_line' id='line_1_18' title="bbox 173 2517 1079 2597; baseline -0.001 -21"><span class='ocrx_word' id='word_1_109' title='bbox 173 2522 351 2596; x_wconf 85' lang='lat' dir='ltr'><strong>cognovisti,</strong></span> <span class='ocrx_word' id='word_1_110' title='bbox 365 2540 457 2597; x_wconf 90' lang='lat' dir='ltr'><strong>quem</strong></span> <span class='ocrx_word' id='word_1_111' title='bbox 475 2520 514 2577; x_wconf 86' lang='lat' dir='ltr'><strong>ad</strong></span> <span class='ocrx_word' id='word_1_112' title='bbox 535 2517 659 2577; x_wconf 87' lang='lat' dir='ltr'><strong>modurn</strong></span> <span class='ocrx_word' id='word_1_113' title='bbox 680 2523 712 2576; x_wconf 94' lang='lat' dir='ltr'><strong>in</strong></span> <span class='ocrx_word' id='word_1_114' title='bbox 725 2518 831 2576; x_wconf 89' lang='lat' dir='ltr'><strong>Tuscis</strong></span> <span class='ocrx_word' id='word_1_115' title='bbox 845 2522 939 2576; x_wconf 90' lang='lat' dir='ltr'><strong>otium</strong></span> <span class='ocrx_word' id='word_1_116' title='bbox 954 2523 1079 2576; x_wconf 81' lang='lat' dir='ltr'><strong>aestatis</strong></span> 
     </span>
     <span class='ocr_line' id='line_1_19' title="bbox 174 2633 1155 2713; baseline -0.001 -21"><span class='ocrx_word' id='word_1_117' title='bbox 174 2639 346 2710; x_wconf 66' lang='lat' dir='ltr'><strong>exigerem</strong></span> <span class='ocrx_word' id='word_1_118' title='bbox 367 2639 494 2713; x_wconf 86' lang='lat' dir='ltr'><strong>requiris</strong></span> <span class='ocrx_word' id='word_1_119' title='bbox 509 2635 582 2712; x_wconf 93' lang='lat' dir='ltr'><strong>quid</strong></span> <span class='ocrx_word' id='word_1_120' title='bbox 597 2653 634 2692; x_wconf 88' lang='lat' dir='ltr'><strong>ex</strong></span> <span class='ocrx_word' id='word_1_121' title='bbox 649 2634 707 2692; x_wconf 90' lang='lat' dir='ltr'><strong>hoc</strong></span> <span class='ocrx_word' id='word_1_122' title='bbox 721 2638 754 2690; x_wconf 92' lang='lat' dir='ltr'><strong>in</strong></span> <span class='ocrx_word' id='word_1_123' title='bbox 770 2634 956 2692; x_wconf 84' lang='lat' dir='ltr'><strong>Laurentino</strong></span> <span class='ocrx_word' id='word_1_124' title='bbox 977 2633 1079 2691; x_wconf 89' lang='lat' dir='ltr'><strong>hieme</strong></span> <span class='ocrx_word' id='word_1_125' title='bbox 1153 2636 1155 2647; x_wconf 92' lang='lat'>&#39;</span> 
     </span>
     <span class='ocr_line' id='line_1_20' title="bbox 174 2747 1155 2827; baseline -0.002 -21"><span class='ocrx_word' id='word_1_126' title='bbox 174 2757 352 2825; x_wconf 84' lang='lat' dir='ltr'><strong>permutem.</strong></span> <span class='ocrx_word' id='word_1_127' title='bbox 400 2749 494 2821; x_wconf 91' lang='lat' dir='ltr'><strong>Nihil,</strong></span> <span class='ocrx_word' id='word_1_128' title='bbox 529 2753 587 2808; x_wconf 89' lang='lat' dir='ltr'><strong>nisi</strong></span> <span class='ocrx_word' id='word_1_129' title='bbox 622 2747 704 2827; x_wconf 90' lang='lat' dir='ltr'><strong>quod</strong></span> <span class='ocrx_word' id='word_1_130' title='bbox 738 2749 921 2807; x_wconf 83' lang='lat' dir='ltr'><strong>meridianus</strong></span> <span class='ocrx_word' id='word_1_131' title='bbox 956 2769 1079 2806; x_wconf 88' lang='lat' dir='ltr'><strong>somnus</strong></span> <span class='ocrx_word' id='word_1_132' title='bbox 1153 2792 1155 2803; x_wconf 92' lang='lat'><em>.</em></span> 
     </span>
     <span class='ocr_line' id='line_1_21' title="bbox 174 2853 1155 2943; baseline 0.001 -23"><span class='ocrx_word' id='word_1_133' title='bbox 174 2868 325 2936; x_wconf 85' lang='lat' dir='ltr'><strong>eximitur,</strong></span> <span class='ocrx_word' id='word_1_134' title='bbox 334 2865 526 2943; x_wconf 89' lang='lat' dir='ltr'><strong>multumque</strong></span> <span class='ocrx_word' id='word_1_135' title='bbox 541 2865 580 2923; x_wconf 90' lang='lat' dir='ltr'><strong>de</strong></span> <span class='ocrx_word' id='word_1_136' title='bbox 595 2874 686 2923; x_wconf 89' lang='lat' dir='ltr'><strong>nocte</strong></span> <span class='ocrx_word' id='word_1_137' title='bbox 700 2853 749 2922; x_wconf 93' lang='lat' dir='ltr'><strong>vel</strong></span> <span class='ocrx_word' id='word_1_138' title='bbox 763 2872 835 2922; x_wconf 81' lang='lat' dir='ltr'><strong>ante</strong></span> <span class='ocrx_word' id='word_1_139' title='bbox 850 2863 898 2921; x_wconf 90' lang='lat' dir='ltr'><strong>vel</strong></span> <span class='ocrx_word' id='word_1_140' title='bbox 912 2872 983 2940; x_wconf 90' lang='lat' dir='ltr'><strong>post</strong></span> <span class='ocrx_word' id='word_1_141' title='bbox 996 2864 1080 2922; x_wconf 89' lang='lat' dir='ltr'><strong>diem</strong></span> <span class='ocrx_word' id='word_1_142' title='bbox 1153 2894 1155 2921; x_wconf 81' lang='grc' dir='ltr'>ι</span> 
     </span>
    </p>
   </div>
   <div class='ocr_carea' id='block_1_6' title="bbox 174 2977 1079 3056">
    <p class='ocr_par' dir='ltr' id='par_1_7' title="bbox 174 2977 1079 3056">
     <span class='ocr_line' id='line_1_22' title="bbox 174 2977 1079 3056; baseline -0.002 -20"><span class='ocrx_word' id='word_1_143' title='bbox 174 2983 312 3050; x_wconf 90' lang='lat' dir='ltr'><strong>sumitur,</strong></span> <span class='ocrx_word' id='word_1_144' title='bbox 326 2988 359 3037; x_wconf 91' lang='lat' dir='ltr'><strong>et</strong></span> <span class='ocrx_word' id='word_1_145' title='bbox 375 2983 400 3037; x_wconf 94' lang='lat' dir='ltr'><strong>si</strong></span> <span class='ocrx_word' id='word_1_146' title='bbox 414 2980 526 3056; x_wconf 86' lang='lat' dir='ltr'><strong>agendi</strong></span> <span class='ocrx_word' id='word_1_147' title='bbox 539 2985 703 3038; x_wconf 84' lang='lat' dir='ltr'><strong>necessitas</strong></span> <span class='ocrx_word' id='word_1_148' title='bbox 717 2984 820 3050; x_wconf 83' lang='lat' dir='ltr'><strong>instat,</strong></span> <span class='ocrx_word' id='word_1_149' title='bbox 836 2997 913 3056; x_wconf 87' lang='lat' dir='ltr'><strong>quae</strong></span> <span class='ocrx_word' id='word_1_150' title='bbox 935 2977 1079 3055; x_wconf 90' lang='lat' dir='ltr'><strong>frequens</strong></span> 
     </span>
    </p>
   </div>
   <div class='ocr_carea' id='block_1_7' title="bbox 173 3093 1156 3172">
    <p class='ocr_par' dir='ltr' id='par_1_8' title="bbox 173 3093 1156 3172">
     <span class='ocr_line' id='line_1_23' title="bbox 173 3093 1156 3172; baseline -0.002 -21"><span class='ocrx_word' id='word_1_151' title='bbox 173 3093 284 3165; x_wconf 87' lang='lat' dir='ltr'><strong>hieme,</strong></span> <span class='ocrx_word' id='word_1_152' title='bbox 312 3114 375 3152; x_wconf 90' lang='lat' dir='ltr'><strong>non</strong></span> <span class='ocrx_word' id='word_1_153' title='bbox 399 3100 459 3152; x_wconf 86' lang='lat' dir='ltr'><strong>iam</strong></span> <span class='ocrx_word' id='word_1_154' title='bbox 481 3093 627 3152; x_wconf 90' lang='lat' dir='ltr'><strong>comoedo</strong></span> <span class='ocrx_word' id='word_1_155' title='bbox 652 3094 700 3152; x_wconf 90' lang='lat' dir='ltr'><strong>vel</strong></span> <span class='ocrx_word' id='word_1_156' title='bbox 728 3094 852 3172; x_wconf 78' lang='lat' dir='ltr'><strong>lyristae</strong></span> <span class='ocrx_word' id='word_1_157' title='bbox 877 3101 946 3169; x_wconf 89' lang='lat' dir='ltr'><strong>post</strong></span> <span class='ocrx_word' id='word_1_158' title='bbox 971 3112 1078 3150; x_wconf 84' lang='lat' dir='ltr'><strong>cenam</strong></span> <span class='ocrx_word' id='word_1_159' title='bbox 1154 3118 1156 3159; x_wconf 81' lang='grc'>;</span> 
     </span>
    </p>
   </div>
   <div class='ocr_carea' id='block_1_8' title="bbox 176 3243 683 3392">
    <p class='ocr_par' dir='ltr' id='par_1_9' title="bbox 176 3243 683 3392">
     <span class='ocr_line' id='line_1_24' title="bbox 564 3243 683 3294; baseline 0.017 -2"><span class='ocrx_word' id='word_1_160' title='bbox 564 3251 577 3274; x_wconf 75' lang='lat'>⁶</span> <span class='ocrx_word' id='word_1_161' title='bbox 593 3243 629 3294; x_wconf 84' lang='lat' dir='ltr'><strong>ix.</strong></span> <span class='ocrx_word' id='word_1_162' title='bbox 643 3245 683 3294; x_wconf 85' lang='lat'><strong>36.</strong></span> 
     </span>
     <span class='ocr_line' id='line_1_25' title="bbox 176 3336 233 3392; baseline 0.035 -2"><span class='ocrx_word' id='word_1_163' title='bbox 176 3336 233 3392; x_wconf 87' lang='lat'><strong>268</strong></span> 
     </span>
    </p>
   </div>
   <div class='ocr_carea' id='block_1_9' title="bbox 0 115 1180 3802">
    <p class='ocr_par' dir='ltr' id='par_1_10' title="bbox 0 115 1180 3802">
     <span class='ocr_line' id='line_1_26' title="bbox 0 115 1180 3802; baseline 0 0"><span class='ocrx_word' id='word_1_164' title='bbox 0 115 1180 3802; x_wconf 95' lang='lat' dir='ltr'><strong> </strong></span> 
     </span>
    </p>
   </div>
  </div>
 </body>
</html>
