2354 3802
357 305 445 366 run
474 306 656 366 narrans
685 307 739 366 or
770 306 895 394 reim*

175 443 340 540 potionem,
377 469 495 540 porrexi
530 485 662 534 manum,
699 473 794 542 utque
830 473 982 540 tangeret,
1017 465 1086 521 dixi

175 572 392 649 admotumque
420 577 479 629 iam
507 573 597 628 labris
626 572 767 648 poculum
799 573 926 629 reddidi.
972 573 1085 629 Postea

176 699 244 735 cum
273 683 414 736 vicesimo
442 679 624 736 valetudinis
652 680 702 736 die
731 680 852 737 balineo
887 699 1085 755 praepararer

138 791 139 794 ’
176 794 405 863 mussantesque
440 785 574 842 medicos
608 794 737 862 repente
773 786 925 856 vidissem,
960 805 1083 842 causam

177 896 326 969 requisivi.
385 892 620 968 Responderunt
661 911 749 968 posse
790 912 840 950 me
875 900 943 950 tuto
978 893 1082 961 lavari,

176 1020 237 1055 non
257 1007 361 1057 tamen
384 1003 508 1056 omnino
528 1003 592 1056 sine
618 983 717 1076 aliqua
737 1003 915 1075 suspicione.
960 997 1080 1074 ‘Quid'

176 1112 300 1184 inquam
324 1114 466 1165 ‘necesse
492 1106 581 1164 est?'
614 1114 707 1184 atque
735 1111 777 1164 ita
806 1125 859 1182 spe
882 1105 1004 1177 balinei,
1032 1110 1083 1162 cui

176 1217 236 1270 iam
260 1213 384 1272 videbar
406 1213 519 1285 inferri,
544 1213 662 1290 placide
691 1213 863 1290 leniterque
892 1211 1014 1270 dimissa
1041 1212 1082 1268 ad

175 1321 392 1379 abstinentiam
406 1341 506 1378 rursus
520 1341 581 1378 non
596 1339 682 1378 secus
703 1340 737 1376 ac
758 1320 847 1377 modo
868 1319 907 1377 ad
927 1318 1083 1378 balineum

177 1432 312 1486 animum
347 1428 525 1504 vultumque
561 1431 723 1504 composui.
767 1427 853 1499 Quae
882 1429 938 1486 tibi
966 1431 1082 1503 scripsi,

178 1540 307 1612 primum
323 1543 358 1593 ut
372 1543 403 1592 te
419 1554 480 1591 non
495 1539 559 1591 sine
575 1534 715 1609 exemplo
733 1513 900 1605 monerem}
913 1533 1025 1591 deinde
1047 1541 1083 1591 ut

177 1645 209 1698 in
224 1650 378 1718 posterum
399 1645 464 1716 ipse
485 1641 524 1697 ad
546 1641 675 1698 eandem
696 1645 930 1716 temperantiam
951 1640 1083 1698 adstrin-
1136 1707 1138 1711 ,

178 1767 275 1824 gerer,
289 1767 358 1803 cum
372 1767 421 1802 me
436 1747 493 1802 hac
508 1747 637 1822 epistula
651 1751 736 1823 quasi
751 1750 877 1822 pignore
892 1746 1082 1821 obligassem.

179 1855 261 1911 Vale.

615 1977 645 2035 lI

422 2111 453 2168 C.
472 2111 591 2168 Parmos
614 2110 703 2168 lusro
725 2110 785 2168 Suo
808 2110 836 2168 S.

219 2242 312 2313 Quen
333 2242 371 2299 ad
390 2242 513 2301 modum
529 2247 678 2319 congruit,
694 2251 728 2300 ut
743 2243 831 2300 simul
847 2250 879 2300 et
893 2240 1032 2299 adfirmes
1050 2249 1083 2299 te

178 2338 310 2397 adsiduis
338 2341 585 2416 occupationibus
613 2340 753 2416 impediri
782 2348 814 2396 et
842 2344 953 2416 scripta
980 2346 1084 2396 nostra

178 2437 342 2509 desideres
371 2458 447 2515 quae
476 2443 526 2496 vix
560 2440 598 2495 ab
633 2443 736 2496 otiosis
771 2443 933 2515 impetrare
969 2436 1082 2515 aliquid

178 2539 305 2612 perituri
333 2541 479 2613 temporis
507 2539 660 2612 possunt?
705 2536 804 2594 Patiar
834 2557 906 2614 ergo
925 2544 1081 2595 aestatem

178 2638 346 2711 inquietam
360 2636 443 2692 vobis
459 2639 684 2712 exercitamque
699 2643 905 2693 transcurrere
928 2643 960 2693 et
980 2635 1082 2692 hieme

179 2732 313 2803 demum,
337 2752 406 2789 cum
429 2733 574 2791 credibile
597 2737 656 2791 erit
678 2735 818 2790 noctibus
841 2732 949 2791 saltem
978 2751 1082 2789 vacare

179 2838 211 2887 te
236 2849 334 2906 posse,
359 2851 510 2908 quaeram,
535 2831 608 2909 quid
635 2835 824 2907 potissimum
845 2851 882 2890 ex
904 2835 993 2908 nugis
1007 2834 1082 2888 meis

179 2929 235 2985 tibi
250 2929 418 2986 exhibeam.
463 2928 591 2986 Interim
605 2928 727 2986 abunde
749 2936 806 3000 est,
817 2933 841 2985 si
857 2928 1005 3005 epistulae
1020 2947 1081 2984 non

179 3033 251 3083 sunt
273 3026 439 3094 molestae3
469 3034 540 3084 sunt
561 3034 664 3084 autem
686 3034 718 3085 et
732 3026 802 3084 ideo
816 3027 967 3084 breviores
983 3034 1080 3085 erunt.

180 3131 264 3190 Vale.

183 3259 199 3310 4
