2334 3686
363 362 454 420 Tau
483 361 667 421 narrans
696 361 751 420 os
781 359 908 418 parur
948 313 958 324 ⁸

181 517 229 576 Sic
245 536 473 593 consequemur,
488 524 523 573 ut
537 536 595 573 nec
612 516 777 573 vacuetur1
797 513 912 571 flumini
927 518 1038 571 mixtus
1052 523 1081 571 et

179 627 220 681 sit
247 622 375 699 perinde
403 643 437 680 ac
460 628 484 680 si
509 627 678 680 misceatur.
723 622 790 680 Erit
815 625 897 679 enim
921 620 1010 677 facile
1032 641 1083 696 per

180 730 262 786 iilam
284 731 489 787 brevissimam
510 737 634 800 terram,
648 748 726 807 quae
743 729 947 798 interiacebit,
959 727 1084 785 advecta

180 835 259 894 fossa
273 856 366 895 onera
379 844 578 912 transponere
593 840 625 893 in
639 835 759 894 flumen.

221 942 312 1014 Quod
340 947 384 1000 ita
412 943 474 1013 fiet,
496 947 521 1000 si
542 947 707 1001 necessitas
728 951 829 1019 coget,
850 950 884 1000 et
904 961 1003 1020 spero,
1025 962 1086 1000 non
1143 946 1145 1007 ζ

180 1058 278 1126 coget.
322 1050 378 1108 Est
403 1055 484 1108 enim
509 1058 542 1108 et
564 1050 646 1108 lacus
671 1054 736 1127 ipse
757 1054 830 1108 satis
851 1049 930 1107 altus
951 1057 985 1106 et
1005 1069 1086 1107 nunc

179 1162 211 1214 iu
239 1162 420 1216 contrariam
448 1166 567 1234 partem
594 1156 707 1216 flumen
736 1162 860 1228 emittit,
883 1157 964 1234 quod
993 1162 1087 1216 inter-

179 1264 295 1322 clusum
323 1265 396 1322 inde
425 1273 467 1334 et,
494 1285 554 1342 quo
582 1264 730 1336 volumuS,
757 1284 906 1335 aversum,
931 1268 997 1321 sine
1025 1265 1089 1322 ullo

179 1371 365 1428 detrimento
379 1370 461 1429 lacus
475 1377 596 1429 tantum
608 1391 713 1448 aquae,
725 1379 872 1448 quantum
881 1391 962 1427 nunc
975 1379 1089 1447 portat,
1147 1384 1150 1457 Ἰ

178 1478 323 1536 effundet.
369 1478 536 1536 Praeterea·
548 1498 603 1555 per
622 1478 654 1534 id
673 1482 815 1554 spatium,
834 1497 889 1553 per
906 1477 987 1554 quod
1008 1477 1090 1535 fossa
1147 1486 1150 1525 ἵ

177 1582 317 1641 facienda
331 1591 387 1654 est,
402 1583 542 1642 incidunt
556 1588 629 1652 rivi;
650 1588 701 1662 qui
717 1589 741 1641 si
755 1583 921 1660 diligenter
941 1582 1090 1660 colligan-
1148 1566 1152 1627 ἰ·

178 1696 238 1758 tur,
255 1690 412 1764 augebunt
432 1688 518 1759 illud,
533 1689 613 1766 quod
634 1690 716 1747 lacus
738 1689 867 1748 dederit.
911 1689 1089 1762 Enimvero,

178 1797 203 1852 si
220 1795 339 1872 placeat
359 1794 470 1854 fossam
491 1797 611 1874 longius
632 1797 743 1854 ducere
765 1805 797 1854 et
817 1795 932 1854 artius²
950 1817 1089 1873 pressam

177 1906 252 1960 mari
279 1923 409 1981 aequare
436 1923 494 1960 nec
521 1907 554 1959 in
581 1903 703 1975 flumen,
732 1903 787 1962 sed
814 1908 846 1960 in
874 1908 973 1981 ipsum
1003 1925 1091 1962 mare
1156 1947 1157 1960 2

177 2013 330 2080 emittere,
358 2029 549 2085 repercussus
577 2014 667 2068 maris
695 2011 827 2068 servabit
861 2019 895 2068 et
929 2014 1093 2087 reprimet,

177 2115 325 2192 quidquid
340 2135 357 2172 e
372 2115 440 2173 lacu
455 2120 566 2174 veniet.

218 2221 354 2293 Quorum
386 2226 410 2278 si
445 2222 521 2279 nibil
556 2224 641 2281 nobis
675 2223 733 2280 loci
768 2232 877 2282 natura
904 2233 1091 2303 praestaret,

177 2328 355 2404 expeditum
389 2337 493 2386 tamen
528 2338 593 2388 erat
631 2335 789 2388 cataractis
831 2351 927 2408 aquae
963 2351 1093 2390 cursum

176 2442 355 2510 temperare.
400 2436 513 2493 Verum
539 2445 571 2494 et
592 2436 668 2518 haec
691 2445 723 2494 et
747 2438 805 2494 alia
829 2438 927 2496 multo
949 2444 1096 2516 sagacius

177 2547 335 2620 conquiret
349 2541 578 2621 explorabitque
594 2543 727 2614 librator,
737 2564 829 2622 quem
840 2543 940 2620 plane,
951 2544 1097 2620 domine,

176 2649 271 2707 debes
285 2654 418 2721 mittere,
433 2650 641 2736 utpoiliceris.
686 2651 742 2709 Est
762 2655 844 2708 enim
865 2671 913 2708 res
936 2651 1034 2728 digna
1061 2664 1098 2712 et
1156 2675 1157 2706 f

175 2757 387 2832 magnitudine
409 2765 462 2815 tua
485 2765 517 2814 et
544 2778 623 2814 cura.
674 2757 741 2834 Ego
769 2762 893 2815 interim
922 2758 1099 2834 Calpurnio
1156 2759 1157 2806 3

210 2897 364 2948 ¹vacuetur
387 2899 480 2948 Madv.
504 2899 563 2948 adv.
586 2899 624 2948 iii.
647 2901 702 2958 216,
725 2915 807 2949 vacuo
825 2899 949 2949 videatur
971 2917 997 2961 a,
1023 2900 1095 2962 An,

177 2965 265 3014 vicino
278 2963 401 3014 videatur
414 2963 506 3015 Coton.

208 3029 219 3060 Ε
236 3031 321 3080 artius
333 3031 411 3093 vulp,
424 3029 506 3079 altius
520 3029 617 3092 Gicriy,
631 3031 722 3080 Madv.
796 3094 802 3103 Α

209 3157 222 3180 ⁰
237 3149 317 3212 Pliny
336 3165 433 3208 means,
454 3148 482 3198 oi
500 3164 600 3209 course,
623 3149 684 3198 that
707 3148 753 3198 the
776 3148 885 3199 outflow
906 3149 934 3199 oi
952 3150 999 3199 the
1027 3151 1102 3200 lake

176 3214 292 3277 through
311 3213 353 3262 his
373 3213 448 3262 canal
465 3214 521 3263 will
537 3213 570 3262 be
588 3213 774 3278 compensated
791 3214 832 3264 ior
851 3215 887 3280 by
905 3215 1037 3281 blocking
1058 3233 1102 3281 up

210 3310 235 3356 ’ἢ
