2352 3802
368 389 457 446 THE
486 389 671 447 LETTERS
700 389 756 446 OF
785 389 912 447 PLINY

613 621 671 680 Lll

365 764 396 820 C.
421 764 542 821 Pervius
563 763 701 821 Tauno
724 764 912 821 lurunrroru

229 906 322 975 Drsu,
367 904 500 973 domine,
535 923 596 980 quo
639 908 765 961 servasti
807 908 979 980 imperium,
1023 904 1097 961 dum

188 1025 322 1096 suscipis,
337 1027 451 1096 quanta
464 1022 590 1076 mereris
604 1018 733 1090 laetitia,
746 1019 965 1078 celebravimus
980 1023 1098 1096 precati

189 1138 272 1207 deos,
287 1144 322 1193 ut
335 1144 368 1193 te
383 1139 490 1212 generi
504 1134 648 1204 humano,
661 1138 746 1191 cuius
771 1134 870 1192 tutela
893 1142 927 1192 et
950 1139 1099 1192 securitas

189 1254 279 1311 saluti
292 1260 364 1309 tuae
385 1255 484 1307 innisa
497 1258 555 1321 est,
569 1248 753 1306 incolumem
773 1248 994 1326 florentemque
1015 1270 1100 1326 prae-

190 1376 315 1427 starent.
361 1368 544 1424 Praeivimus
558 1374 591 1423 et
606 1365 861 1422 commilitonibus
875 1369 920 1421 ius
935 1365 1098 1422 iurandum

141 1492 145 1506 '
190 1505 274 1542 more
307 1483 434 1540 solemni
461 1483 686 1559 praestantibus
714 1489 746 1539 et
774 1480 1019 1558 provincialibus,
1048 1485 1098 1558 qui

191 1599 299 1657 eadem
315 1606 470 1655 certarunt
490 1601 617 1674 pietate,
632 1597 811 1654 iurantibus.

607 1803 682 1861 Llll

503 1948 659 2004 Tamarus
681 1947 786 2003 Prnvro

233 2090 363 2160 Quium
397 2089 543 2164 religione
572 2108 607 2144 ac
635 2087 753 2145 laetitia
780 2086 1002 2144 commilitones
1031 2106 1098 2143 cum

192 2205 423 2282 provincialibus
446 2213 478 2262 te
502 2212 669 2281 praeeunte
694 2204 776 2261 diem
796 2205 915 2281 imperii
936 2205 999 2258 mei
1021 2201 1099 2258 cele·

192 2322 355 2390 braverint,
370 2319 512 2389 libenter,
525 2323 568 2375 mi
582 2318 722 2377 Secunde
744 2321 904 2388 carissime,
918 2321 1048 2392 cognovi
1062 2337 1099 2374 ex

193 2435 304 2492 litteris
325 2439 394 2492 tuis.

610 2556 681 2613 LIV

373 2698 403 2754 C.
429 2697 550 2754 Pruuus
571 2695 710 2753 Turrino
733 2697 920 2752 lurnnlroar

238 2838 389 2894 Pecuniae
416 2837 565 2914 publicae,
594 2837 727 2908 domine,
756 2837 946 2914 providentia
980 2845 1035 2894 tua
1069 2845 1099 2894 et

196 2966 364 3020 ministerio
386 2970 490 3019 nostro
505 2970 537 3019 et
552 2965 611 3018 iam
627 2971 751 3020 exactae
773 2970 845 3020 sunt
865 2969 898 3018 et
918 2964 1099 3036 exiguntur:

197 3105 274 3162 quae
299 3105 404 3142 vereor
428 3105 467 3144 ue
492 3089 606 3143 otiosae
632 3089 759 3144 iaceant.
804 3085 883 3142 Nam
907 3093 940 3142 et
964 3085 1098 3160 praedio·

197 3230 264 3266 rum
292 3209 561 3286 comparandorum
588 3217 642 3266 aut
665 3208 748 3267 nulla
772 3217 825 3266 aut
847 3212 996 3265 rarissima
1017 3229 1098 3265 occa-

198 3346 255 3402 342
