2362 3794
322 341 412 398 THE
438 339 621 398 LETTERS
651 338 706 398 OF
735 336 861 394 PLINY

141 497 263 555 laudem
285 497 390 554 similis
414 499 563 566 monenti,
587 494 668 571 quod
697 513 768 550 eum
794 491 919 548 modum
947 498 1046 560 tenes

141 612 176 662 ut
210 604 382 661 discrimina
420 601 560 659 ordinum
595 601 841 675 dignitatumque
861 597 1046 664 'custodias3

141 731 218 788 quae
244 715 268 767 si
292 708 426 779 confusa,
452 709 583 777 turbata,
607 710 757 783 permixta
785 712 865 775 sunt,
891 703 969 760 nihil
998 711 1047 762 est

140 821 205 894 ipsa
219 816 403 894 aequalitate
418 814 613 892 inaequalius.
657 813 741 872 Vale.

568 1101 612 1157 VI

360 1260 391 1318 C.
416 1261 536 1317 Pinaros
558 1259 693 1316 Caunsro
715 1260 777 1317 Suo
799 1259 828 1316 S.

181 1417 275 1474 Onna
303 1417 361 1474 hoc
388 1426 511 1494 tempus
545 1421 626 1475 inter
660 1417 824 1494 pugillares
858 1437 893 1474 ac
927 1417 1045 1475 libellos

140 1514 354 1572 iucundissima
372 1519 475 1592 quiete
497 1519 657 1573 transmisi.
702 1522 710 1548 ‘
720 1515 821 1586 Quem
841 1515 880 1572 ad
901 1515 1044 1586 modum,’

140 1615 247 1688 inquis,
275 1617 324 1669 ‘in
352 1614 427 1670 urbe
456 1613 622 1688 potuisti?'
666 1613 822 1671 Circenses
850 1621 957 1682 erant;
986 1635 1045 1691 quo

140 1730 254 1786 genere
269 1711 434 1787 spectaculi
448 1732 487 1769 ne
502 1711 653 1769 levissime
668 1711 792 1788 quidem
807 1720 922 1769 teneor.
960 1712 1045 1769 Nihil

140 1828 260 1880 novum,
275 1809 350 1866 nihil
365 1815 489 1881 varium,
503 1809 579 1867 nihil
601 1810 684 1888 quod
703 1829 765 1866 non
780 1809 874 1867 semel
893 1818 1045 1885 spectasse

140 1906 274 1963 sufficiat.
318 1907 387 1978 Quo
409 1912 505 1983 magis
527 1912 618 1964 miror
642 1915 690 1965 tot
717 1907 801 1964 milia
822 1912 953 1965 virorum
981 1917 1045 1966 tam

138 2005 297 2081 pueriliter
326 2007 495 2064 identidem
531 2027 642 2082 cupere
678 2015 835 2067 currentes
870 2027 973 2085 equos,
1002 2013 1045 2064 in-

140 2107 283 2162 sistentes
312 2105 447 2162 curribus
478 2105 617 2163 homines
644 2106 757 2163 videre.
801 2106 833 2165 Si
859 2114 964 2164 tamen
991 2115 1044 2164 aut

138 2201 300 2260 velocitate
324 2222 471 2279 equorum
495 2211 548 2261 aut
572 2203 729 2260 hominum
752 2212 817 2261 arte
839 2203 1043 2275 traherentur,

139 2308 220 2357 esset
242 2305 319 2358 ratio
344 2300 508 2370 nonnulla3
536 2321 617 2358 nunc
641 2300 747 2358 favent
774 2321 885 2378 panno,
908 2323 1043 2378 pannum

137 2406 250 2469 amant,
270 2407 303 2456 et
325 2403 349 2456 si
376 2403 408 2455 in
432 2403 497 2476 ipso
519 2419 608 2456 cursu
630 2400 791 2477 medioque
811 2405 977 2458 certamine
994 2400 1043 2458 hic

138 2496 219 2553 color
242 2496 324 2568 illuc,
349 2496 400 2554 ille
421 2497 481 2554 huc
509 2497 718 2569 transferatur,
742 2499 875 2556 studium
899 2498 1042 2578 favorque

138 2595 288 2676 transibit,
304 2602 337 2652 et
355 2604 484 2672 repente
498 2587 663 2672 agitatores
677 2596 754 2668 illos,
769 2618 862 2675 equos
877 2598 954 2669 illos,
968 2618 1043 2675 quos
1094 2601 1096 2605 ’

137 2692 242 2767 procul
266 2697 427 2765 noscitant,
453 2714 581 2771 quorum
609 2694 767 2753 clamitant
794 2700 926 2766 nomina,
951 2696 1043 2753 relin-

137 2800 242 2869 quent.

177 2889 276 2947 Tanta
311 2895 417 2966 gratia,
445 2899 531 2949 tanta
562 2896 725 2949 auctoritas
752 2896 785 2948 in
815 2913 873 2949 una
900 2893 1042 2951 vilissima

170 3059 184 3082 ⁶
200 3051 256 3100 The
270 3068 358 3117 gamos
370 3053 396 3101 in
410 3053 457 3103 the
474 3053 566 3104 Circus
583 3053 724 3114 Maximus,
739 3053 834 3120 chiefly
851 3055 998 3120 consisting
1014 3055 1042 3114 ol

136 3115 333 3177 chamot-races,
355 3117 396 3166 ior
415 3118 500 3168 which
521 3118 567 3167 the
590 3119 693 3168 Roman
715 3137 766 3184 peo
784 3119 810 3168 le
830 3120 882 3169 had
900 3120 947 3170 the
969 3137 1041 3172 same

136 3182 242 3244 passion
254 3199 283 3231 as
296 3183 342 3231 tho
354 3183 465 3246 English
477 3199 537 3231 now
549 3183 616 3233 have
627 3184 668 3232 ior
680 3137 792 3235 football
805 3185 929 3237 malchos.

141 3274 196 3342 184
221 3330 223 3334 ,
