2362 3794
360 393 448 451 THE
461 397 463 400 ’
478 390 661 449 LETTERS
690 390 744 448 OF
774 386 900 444 PLINY

178 553 306 610 adnotes
334 572 373 609 an
401 555 538 627 insignia.
583 550 691 608 Omnis
719 551 800 605 enim
828 545 972 614 advertit,
1000 541 1087 619 quod

179 697 297 752 eminet
310 701 344 751 et
358 701 477 760 exstat;
499 691 552 750 sed
574 694 635 748 acri
659 692 832 746 intentione
856 682 1086 758 diiudicandum

180 846 237 911 est,
258 837 453 895 immodicum
477 839 517 891 sit
542 853 582 889 an
610 829 735 908 grande,
756 828 853 887 altum
880 845 919 881 an
947 840 1082 881 enorme.

179 987 293 1062 Atque,
322 989 356 1038 ut
386 979 556 1034 Homerum
584 974 774 1050 potissimum
802 971 963 1043 attingam,
991 981 1086 1039 quem

184 1128 311 1187 tandem
325 1122 503 1179 alterutram
519 1119 550 1172 in
565 1121 684 1191 partem
698 1118 801 1188 potest
814 1107 921 1184 fugere
937 1111 946 1138 ‘
954 1102 1046 1179 Ἀμφὶ
1058 1100 1088 1159 δὲ

181 1267 338 1346 σάλπιγξεν
365 1262 460 1340 μέγας.
478 1255 633 1336 οι’)ρανός·’1
658 1255 734 1330 ίἠέρι
761 1251 784 1311 δ’
811 1251 894 1329 ἔγχος
922 1243 1089 1308 ε’κέκλιτοη

180 1419 214 1471 el:
237 1415 337 1467 totum
365 1401 451 1470 illud,
467 1399 546 1458 ‘orire
568 1396 719 1470 θαλάσσης
741 1398 813 1470 κῦμα
841 1393 929 1452 τόσον
950 1389 1088 1467 ssoda’3?

182 1551 242 1610 Sed
258 1565 333 1624 opus
348 1551 395 1601 est
410 1543 549 1598 examine
570 1545 604 1595 et
616 1536 703 1605 libra,
717 1532 906 1620 incredibilia
928 1534 989 1588 sint
1010 1530 1088 1587 haec

181 1700 214 1749 et
227 1689 370 1770 immania
383 1704 422 1739 an
436 1680 596 1766 magnifica
610 1686 643 1735 et
656 1677 807 1764 coelestia.
852 1675 917 1732 Nec
931 1694 1013 1731 nunc
1028 1693 1088 1750 ego

182 1848 232 1885 mc
246 1827 293 1884 his
308 1823 416 1882 similia
429 1827 483 1877 aut
497 1819 608 1876 dixisse
622 1825 676 1873 aut
689 1836 776 1893 posse
790 1814 893 1872 dicere
907 1822 990 1890 puto.
1015 1815 1044 1870 N
1045 1835 1088 1871 on

186 1977 229 2030 ita
250 1970 385 2033 insani03
414 1962 466 2020 sed
495 1960 553 2017 hoc
582 1958 721 2034 intellegi
747 1957 823 2028 volo,
847 1955 991 2014 laxandos
1021 1977 1089 2014 esse

182 2113 375 2189 eloquentiae
389 2104 502 2173 frenos,
516 2123 573 2159 nec
582 2103 796 2176 angustissimo
805 2119 880 2176 gyro
894 2103 1090 2175 ingeniorum

181 2259 314 2330 impetus
325 2245 544 2323 refringendos

222 2394 266 2451 At
294 2394 376 2449 enim
399 2389 457 2445 alia
482 2385 620 2443 condicio
644 2390 807 2452 oratorum,
828 2383 887 2439 alia
914 2391 1085 2459 poetarum.

183 2533 277 2605 Quasi
301 2550 372 2588 vero
397 2529 439 2585 Μ,
466 2526 583 2584 Tullius
607 2529 706 2582 minus
728 2523 848 2581 audeat.
893 2523 1089 2602 Quamquam

184 2676 267 2732 hunc
301 2676 438 2740 omitto;
479 2689 579 2746 neque
616 2671 697 2725 enim
732 2669 845 2744 ambigi
879 2675 961 2744 puto.
1027 2668 1091 2727 Sed

184 2813 409 2874 Demosthenes
423 2816 498 2889 ipse,
513 2811 565 2868 ille
579 2829 683 2867 norma
698 2813 823 2867 oratoris
837 2817 870 2866 et
883 2808 1000 2885 regula,
1015 2831 1091 2868 num

184 2976 216 3013 se
241 2954 365 3011 cohibet
387 2960 419 3010 et
444 2955 626 3026 comprimit,
640 2970 710 3007 cum
734 2949 810 3007 dicit
832 2949 884 3006 illa
908 2954 1092 3008 notissima:

282 3101 292 3132 ²
309 3103 341 3150 Il.
357 3101 409 3150 xxi.
424 3101 480 3150 388.
549 3098 560 3128 ²
576 3098 608 3148 Il.
625 3115 648 3148 v.
664 3099 721 3149 356.
789 3097 800 3130 ⁸
816 3098 848 3148 Il.
864 3099 918 3147 xiv.
931 3099 989 3148 394.

413 3238 425 3259 ⁰
442 3227 577 3293 Spealring
588 3228 616 3277 ol
628 3228 708 3276 Mars.
746 3227 862 3290 (Melm.)

188 3342 246 3402 234
859 3327 860 3330 ’
