2334 3686
339 270 427 327 THE
458 269 640 327 LE'I'I'ERS
670 269 724 327 OF
755 267 881 325 PLINY

553 500 669 558 XCVII

466 646 621 703 Tauranus
644 645 748 702 Punuo

199 793 308 850 Acron
324 812 415 869 quern
433 792 577 863 debuisti,
590 796 632 848 mi
654 791 806 862 Secunde,
821 797 853 848 in
875 792 1066 849 excutiendis

158 903 254 958 causis
279 919 393 970 eorum,
419 895 470 975 qui
494 897 657 956 Christiani
681 898 720 955 ad
749 906 781 956 te
810 898 904 957 delati
932 897 1066 968 fuerant,

158 1016 279 1064 secutus
295 1027 335 1063 es.
380 1007 489 1083 Neque
505 1009 587 1062 enim
603 1009 632 1061 in
654 1009 830 1062 universum
843 1004 969 1081 aliquid,
983 1005 1066 1081 quod

158 1117 242 1191 quasi
283 1121 398 1169 certam
437 1111 564 1168 formam
603 1111 724 1182 habeat,
766 1117 911 1170 constitui
952 1119 1064 1188 potest.

160 1219 365 1297 Conquirendi
391 1240 452 1275 uon
475 1227 567 1288 sunt;
588 1223 612 1276 si
634 1217 812 1276 deferantur
835 1226 868 1275 et
888 1226 1066 1294 arguantur,

160 1327 307 1405 puniendi
343 1334 424 1397 sunt,
459 1330 502 1384 ita
537 1333 651 1395 tamen,
680 1333 724 1395 ut,
753 1329 804 1402 qui
839 1328 998 1401 negaverit
1033 1345 1066 1381 se

159 1435 363 1492 Christianum
379 1453 444 1491 esse
459 1433 551 1509 idque
566 1452 598 1490 re
613 1437 678 1508 Ipsa
691 1430 887 1489 manifestum
901 1430 1021 1502 fecerit,
1035 1432 1066 1487 id

160 1552 207 1600 est
234 1541 432 1618 supplicando
459 1541 517 1598 diis
545 1544 664 1610 nostriS,
692 1543 827 1617 quamvis
855 1547 1014 1616 suspectus
1035 1543 1067 1594 in

160 1654 358 1727 praeteritum
382 1648 483 1720 fuerit,
499 1652 617 1706 veniam
639 1667 677 1704 ex
700 1651 888 1724 paenitentia
910 1651 1066 1724 impetret.

160 1757 232 1814 Sine
246 1763 369 1812 auctore
384 1774 454 1812 vero
469 1759 613 1831 propositi
627 1753 723 1811 libelli
737 1753 822 1811 nullo
831 1757 955 1811 crimine
966 1753 1068 1810 locum

161 1863 272 1921 habere
288 1862 412 1920 debent.
456 1861 535 1918 Nam
550 1869 582 1918 et
597 1865 718 1937 pessimi
734 1860 876 1937 exempli,
891 1881 948 1918 nee
971 1865 1068 1918 nostri

160 1969 272 2027 saeculi
287 1977 341 2026 est.

549 2260 678 2316 XCVIII

338 2391 369 2447 C.
397 2391 515 2448 Parmos
536 2391 675 2449 Titanum
697 2391 884 2448 Inrsnnroru

203 2525 468 2582 Annsruuiuonun
504 2527 619 2595 civitas,
647 2524 778 2594 domine,
807 2533 840 2582 et
874 2524 999 2601 elegans
1035 2534 1071 2583 et

162 2630 268 2680 ornata
302 2622 396 2679 habet
425 2626 506 2680 inter
533 2626 695 2698 praecipua
721 2643 813 2698 opera
833 2622 1071 2699 pulcherrimam

163 2719 352 2796 eandemque
367 2720 572 2795 longiSsimam
587 2720 737 2796 plateam3
758 2724 843 2777 euius
863 2740 881 2776 a
901 2720 997 2778 latere
1013 2741 1072 2796 per

163 2822 294 2893 spatium
318 2837 408 2874 omne
430 2822 594 2894 porrigitur
615 2822 737 2875 nomine
758 2817 882 2895 quidem
897 2817 1019 2888 flumen,
1036 2839 1071 2875 re

164 2936 233 2973 vera
247 2917 348 2973 cloaca
362 2916 553 2984 foedissima;
574 2937 653 2994 quae
668 2920 746 2974 sicut
766 2921 863 2992 turpis
884 2925 917 2974 et
937 2920 1071 2975 immun-

162 3015 287 3072 dissima
307 3025 442 3092 aspectu,
464 3021 507 3074 ita
529 3014 677 3091 pestilens
699 3023 747 3073 est
767 3014 859 3072 odore
881 3019 1068 3072 taeterrimo.

162 3113 282 3180 QuIbus
297 3133 334 3169 ex
349 3118 445 3173 causis
459 3134 519 3171 non
534 3117 635 3170 minus
649 3112 833 3172 salubritatis
847 3132 937 3191 quam
950 3112 1071 3171 decoris

212 3221 226 3274 5
