2354 3802
313 373 401 430 THE
430 373 614 433 LETTERS
642 374 697 432 OF
727 374 852 431 PLINY

131 553 228 610 genus
256 541 289 590 et
315 537 346 588 in
373 533 627 589 oblectationibus
654 532 794 589 habuisse
827 540 859 590 et
887 537 919 589 in
946 533 1037 590 laude

131 645 273 717 posuisse.
332 640 455 698 Intendi
493 645 628 697 animum
662 649 828 718 contraque
862 644 1037 716 opinionem

131 768 230 805 meam
258 757 327 824 post
353 723 475 824 longam
496 747 731 805 desuetudinem
752 767 899 825 perquam
926 751 1038 822 exiguo

132 859 277 930 temporis
290 862 446 911 momento
461 854 492 911 id
507 858 616 929 ipsum,
630 853 713 930 quod
726 873 775 910 me
790 852 828 910 ad
843 852 1038 910 scribendum

131 961 354 1033 sollicitaverat,
368 962 414 1019 his
428 964 563 1020 versibus
577 967 713 1019 exaravi:

214 1120 289 1177 Cum
303 1120 394 1177 libros
410 1120 490 1177 Galli
504 1120 649 1196 legerem,
662 1121 771 1197 quibus
785 1120 837 1176 ille
851 1124 970 1196 parenti

172 1249 260 1286 ausus
274 1228 313 1285 de
329 1228 474 1286 Cicerone
489 1227 561 1284 dare
577 1236 624 1285 est
638 1226 830 1303 palmamque
845 1226 1008 1303 decusque,

172 1336 315 1393 lascivum
329 1339 433 1391 inveni
446 1334 547 1390 lusum
562 1334 714 1392 Ciceronis
726 1342 758 1391 et
772 1333 824 1390 illo

172 1441 372 1517 spectandum
387 1444 522 1517 ingenio,
536 1460 596 1516 quo
610 1444 687 1496 seria
701 1439 838 1497 condidit
853 1447 885 1496 et
899 1459 959 1515 quo

173 1547 312 1604 humanis
325 1547 437 1605 salibus
451 1546 548 1605 multo
562 1552 703 1624 varioque
717 1546 820 1623 lepore

172 1674 350 1730 magnorum
365 1654 501 1712 ostendit
514 1662 634 1712 mentes
648 1653 782 1730 gaudere
796 1658 934 1710 virorum.

175 1761 252 1816 Nam
261 1765 408 1838 queritur,
418 1760 498 1837 quod
507 1759 614 1818 fraude
625 1760 704 1817 mala
713 1759 873 1817 frustratus
885 1768 1038 1817 amantem

173 1866 300 1942 paucula
314 1875 423 1924 cenato
437 1869 493 1927 sibi
508 1867 613 1924 debita
626 1871 706 1924 savia
719 1867 789 1923 Tiro

173 1980 311 2048 tempore
326 1982 475 2031 noctumo
489 1974 680 2031 subtraxerit.
724 1973 783 2030 His
799 1993 856 2049 ego
870 1972 957 2030 lectis

174 2087 246 2135 ‘cur
260 2088 329 2154 post
343 2079 437 2150 haec‚'
453 2084 586 2156 inquam,
603 2087 740 2138 ‘nostros
755 2080 888 2137 celamus
902 2100 1019 2137 amores

174 2186 351 2262 nullumque
365 2191 397 2243 in
411 2187 546 2245 medium
560 2188 659 2245 timidi
673 2188 779 2245 damus
793 2196 885 2263 atque
901 2187 1033 2245 fatemur

174 2293 352 2368 Tironisque
366 2293 462 2378 dolos,⁸
470 2293 588 2350 Tironis
602 2314 690 2350 nosse
705 2293 829 2370 fugaces

174 2399 336 2457 blanditias
351 2409 384 2457 et
398 2399 479 2457 furta
492 2420 584 2457 novas
598 2401 744 2458 addentia
758 2401 890 2458 flammas
903 2402 932 2457 ?’

86 2592 89 2597 -
174 2559 289 2615 Transii
305 2559 344 2615 ad
359 2559 461 2635 elegos
474 2579 482 2627 ;
504 2558 558 2616 hos
573 2580 693 2638 quoque
709 2580 770 2616 non
785 2564 885 2617 minus
900 2559 1041 2617 celeriter

134 2665 284 2740 explicui3
304 2664 407 2722 addidi
430 2665 504 2722 alios
529 2665 675 2724 facilitate
700 2675 866 2742 corruptus
920 2666 1041 2723 Deinde

134 2777 166 2828 in
200 2773 307 2830 urbem
342 2792 478 2830 reversus
513 2773 664 2852 sodalibus
699 2773 769 2849 legi.
824 2772 1039 2830 Probaverunt.

135 2878 256 2936 Deinde
271 2879 356 2955 plura
371 2887 478 2951 metra,
492 2884 516 2936 si
539 2879 613 2956 quid
635 2884 700 2951 otii,
722 2883 853 2936 maxime
876 2883 908 2935 in
931 2883 1041 2936 itinere

134 2989 291 3061 temptavi.
319 2986 473 3043 Postremo
487 2986 602 3062 placuit
616 2986 756 3062 exemplo
773 2985 937 3042 inultorum
948 3006 1042 3042 unum

133 3099 293 3170 separatim
310 3095 629 3172 hendecasyllaborum
644 3095 784 3152 volumen
805 3095 969 3165 absolvere,
985 3114 1042 3150 nec

136 3206 282 3275 paenitet.
328 3202 465 3278 Legitur,
490 3202 680 3273 describitur,
702 3209 842 3260 cantatur
863 3205 955 3261 etianr
977 3209 1010 3260 et
1024 3221 1042 3256 a

141 3327 176 3370 10
