2354 3802
338 366 427 424 THE
455 365 639 428 LETTERS
667 368 722 427 OF
752 369 877 426 PLINY

156 527 335 603 cebantque.
379 527 458 583 Nam
472 531 581 584 mirum
596 536 652 598 est,
667 529 763 586 uthis
778 528 928 606 opusculis
943 534 1061 588 animus

156 640 334 698 intendatur
362 645 603 719 remittaturque.
649 642 810 720 Recipiunt
832 647 913 700 enim
934 664 1061 715 amores

157 754 235 826 odia,
257 759 324 825 iraS,
353 756 597 826 misericordiam,
620 758 834 828 urbanitatem,
856 763 957 815 omnia
978 758 1063 815 deni-

156 893 226 950 que,
254 893 331 951 quae
357 878 388 930 in
413 877 475 930 vita
503 881 595 950 atque
625 878 717 930 etiam
751 879 783 931 in
811 873 875 931 foro
904 879 1062 953 causisque

157 996 322 1046 versantur.
382 988 467 1044 Inest
505 987 551 1046 his
586 1008 706 1065 quoque
742 989 849 1046 eadem
884 1009 961 1066 quae
995 990 1063 1048 aliis

157 1104 338 1166 carminibus
353 1102 477 1172 utilitas
493 1103 574 1179 quod
591 1108 681 1160 metri
703 1109 884 1162 necessitate
906 1104 1061 1162 devinctil

157 1217 255 1275 soluta
279 1221 414 1275 oratione
433 1217 581 1275 laetamur
603 1227 644 1289 et,
666 1219 748 1296 quod
769 1218 885 1276 facilius
904 1239 970 1277 esse
984 1239 1063 1276 com-

156 1336 273 1408 paratio
286 1332 430 1403 ostendit,
445 1333 590 1391 libentius
610 1334 774 1391 scribimus.

199 1449 304 1506 Habes
316 1449 401 1525 plura
412 1452 504 1507 etiam
515 1449 651 1520 fortasse,
666 1469 756 1526 quam
770 1452 952 1528 requirebas,
967 1472 1063 1509 unum

157 1572 261 1621 tamen
285 1568 379 1622 omisi.
423 1563 494 1621 Non
517 1569 599 1621 enim
624 1566 696 1636 dixi,
722 1586 800 1643 quae
828 1567 959 1643 legenda
986 1568 1063 1625 arbi-

157 1688 270 1748 trarer3
300 1699 480 1756 quamquam
517 1680 589 1750 dixi,
618 1701 686 1737 cum
716 1682 860 1753 dicerem,
887 1702 965 1760 quae
994 1688 1062 1740 scri-

157 1796 265 1855 benda.
309 1795 355 1852 Tu
370 1800 544 1855 memineris
558 1801 605 1852 sui
619 1801 763 1874 cuiusque
781 1801 902 1873 generis
923 1806 1062 1856 auctores

156 1912 322 1988 diligenter
346 1910 468 1988 eligere.
512 1911 609 1968 Aiunt
632 1916 713 1969 enim
737 1912 868 1969 multum
895 1913 1063 1989 legendum

157 2048 233 2099 esse,
255 2048 317 2085 non
345 2026 448 2084 multa.
493 2027 554 2098 Qui
580 2031 641 2084 sint
665 2027 706 2098 hi,
729 2027 806 2084 adeo
829 2036 936 2085 notum
958 2029 1063 2104 proba-

157 2142 307 2220 tumque²
322 2150 378 2212 est,
394 2150 428 2199 ut
443 2142 703 2199 demonstratione
718 2161 779 2199 non
801 2150 911 2218 egeat;
940 2150 972 2200 et
993 2143 1063 2200 alio-

103 2271 105 2277 ‘
157 2262 208 2336 qui
222 2265 285 2316 tam
300 2256 460 2314 immodice
482 2256 643 2333 epistulam
665 2257 801 2328 extendi,
827 2264 872 2328 ut,
897 2257 971 2315 dum
992 2259 1060 2330 tibi,

157 2393 248 2451 quem
269 2373 308 2429 ad
329 2372 452 2429 modum
477 2373 600 2430 studere
629 2372 750 2443 debeaS,
773 2372 895 2444 suadeo,
917 2372 1063 2431 studendi

156 2499 278 2566 tempus
292 2489 475 2547 abstulerim.
520 2489 603 2560 Quin
618 2509 690 2565 ergo
705 2489 867 2565 pugillares
882 2493 1008 2548 resumis
1030 2498 1063 2547 et

156 2605 270 2682 aliquid
285 2625 322 2661 ex
336 2603 383 2660 his
397 2603 446 2660 vel
461 2603 540 2662 istud
557 2608 664 2680 ipsum,
676 2605 757 2681 quod
772 2623 924 2680 coeperas,
936 2605 1061 2662 scribis?

157 2721 240 2777 Vale.

190 2851 199 2881 ¹
216 2851 334 2900 devincti
347 2851 447 2940 Dpro,
462 2849 569 2912 Bipoaa
583 2849 688 2908 Mrillcr,
703 2849 834 2898 devinctis
847 2850 886 2912 M,
901 2849 1022 2899 defuncti
1035 2849 1062 2898 K

157 2916 200 3012 Hi
213 2916 408 3046 blllbllatldllldbe'
418 2917 579 3042 llllfflderllons,
592 2980 624 3038 K,
633 2984 860 3044 pervagatumque
870 2980 936 3041 ouo,
951 2981 1057 3040 Mrtller,

157 3053 381 3112 provocatumque
394 3047 495 3108 Dyrra,
508 3045 746 3111 pervulgatumque
757 3046 887 3107 Schaascr.

108 3303 195 3375 '26
