2352 3802
355 398 445 456 THE
473 395 657 455 LETTERS
686 394 742 452 OF
769 393 897 452 PLINY

174 577 247 634 rege
271 555 457 614 mortalitate
480 575 521 611 an
547 554 709 630 desperato
736 557 835 629 operis
856 552 976 610 effectu.
1020 553 1078 612 Sed

175 665 233 722 hoo
247 668 313 740 ipso
328 661 420 740 (feres
435 664 516 719 enim
531 681 581 719 me
600 661 793 719 ambitiosum
818 680 873 736 pro
897 668 952 718 tua
971 659 1079 739 gloria)

174 776 284 830 incitor
306 779 338 828 et
364 769 523 841 accendor,
545 778 580 828 ut
608 771 727 846 cupiam
755 772 859 845 peragi
886 788 905 824 a
931 776 975 840 te,
1004 787 1079 845 quae

175 885 295 936 tantum
309 883 474 952 coeperant
487 895 583 952 reges.

580 1127 669 1188 XLII

485 1268 642 1326 Tamisos
664 1267 770 1327 Ptmio

1151 1302 1155 1353 l

216 1411 332 1468 Porssr
345 1430 400 1470 nos
409 1410 571 1468 sollicitare
582 1410 664 1467 lacus
672 1413 742 1480 iste,
750 1417 785 1466 ut
794 1412 986 1466 committere
996 1408 1083 1466 illum
1154 1458 1156 1495 ÷

108 1513 111 1520 ’
175 1522 248 1575 mari
264 1517 409 1588 velimus3
430 1517 484 1576 sed
500 1517 589 1594 plane
603 1515 824 1593 explorandum
838 1523 885 1573 est
905 1514 1084 1592 diligenter,

175 1643 224 1693 ne,
239 1627 264 1680 si
286 1621 454 1680 demissusl
469 1626 501 1679 in
522 1641 605 1678 mare
630 1621 732 1692 fuerit,
757 1629 840 1679 totus
864 1620 974 1692 effluat,
998 1630 1084 1680 certe

176 1737 323 1807 quantum
338 1748 483 1807 aquarum
504 1737 538 1787 et
551 1729 634 1786 unde
655 1732 792 1806 accipiat.
838 1728 955 1786 Poteris
978 1749 996 1785 a
1019 1729 1086 1787 Cal·
1160 1763 1161 1788 t

174 1839 283 1911 purnio
299 1835 403 1893 Macro
420 1844 526 1912 petere
541 1836 726 1906 libratorem,
742 1843 774 1892 et
789 1855 847 1912 ego
861 1835 933 1894 hinc
948 1835 1085 1913 aliquem

174 1941 231 1999 tibi
247 1945 380 2017 peritum
401 1942 549 2000 elusmodi
563 1961 690 2018 operum
704 1945 835 1999 mittam.

581 2268 688 2327 XLIII

355 2412 385 2468 C.
410 2412 530 2470 Peisius
551 2413 689 2469 Tmo
710 2412 898 2469 larsasrom

217 2552 403 2618 Rsoommim
412 2552 487 2609 mihi
497 2552 710 2631 Byzantiorum
720 2557 764 2610 rei
772 2553 1084 2631 publicaeimpendia,

175 2670 252 2727 quae
267 2654 396 2707 maxima
411 2650 494 2721 fecit,
504 2651 671 2709 indicatum
684 2659 741 2722 est,
749 2651 883 2722 domine,
894 2651 1031 2728 legatum
1042 2651 1084 2708 ad

174 2756 207 2805 te
221 2748 414 2806 salutandum
428 2754 515 2808 annis
529 2751 669 2807 omnibus
683 2769 752 2806 cum
767 2749 973 2826 psephismate
987 2752 1085 2819 mitti,

175 2851 264 2923 eique
278 2847 343 2904 dari
357 2866 548 2904 nummorum
570 2848 712 2906 duodena
732 2847 823 2905 milia.
867 2847 986 2904 Memor
1005 2866 1086 2924 ergo

174 2947 320 3019 propositi
334 2948 379 3002 tui
394 2943 530 3021 legatum
545 2945 669 3022 quidem
687 2945 893 3016 retinendum,
907 2944 1087 3022 psephisma

274 3067 282 3096 ¹
300 3066 429 3116 demissus
442 3067 545 3127 Gaiam,
559 3069 730 3127 immissum,
746 3068 778 3127 B,
791 3067 916 3118 dimissus
928 3068 977 3118 Ao.

175 3149 382 3238 'Tragos—{r
399 3149 1090 3238 ffliffif

175 3240 230 3317 this
242 3239 324 3290 Book.
361 3239 454 3289 Letter
468 3242 498 3289 18
509 3240 537 3289 ol
549 3240 590 3289 Bk
604 3240 637 3289 V.
652 3240 676 3289 is
687 3239 830 3290 addressed
842 3241 945 3290 tohim.
972 3317 974 3322 Ι

177 3351 235 3406 33²

1154 1506 1158 1657 l
