2362 3794
338 396 427 453 THE
455 396 640 454 LETTERS
669 397 723 455 OF
753 396 879 453 PLINY

196 555 261 612 Nec
296 555 385 613 facile
416 576 599 634 quemquam
631 561 689 614 nisi
718 557 896 632 Verginium
927 559 1063 626 invenio,

154 657 239 711 ouius
277 661 364 712 tanta
402 660 434 712 in
476 654 681 731 praedicando
722 653 904 712 verecundia
946 662 1062 730 quanta

153 752 249 828 gloria
270 773 307 810 ex
328 753 417 812 facto.
463 755 532 830 lpse
554 775 621 811 sum
641 758 740 824 testiS,
754 753 943 810 familiariter
962 753 1001 810 ab
1022 773 1061 810 eo

152 850 283 909 dilectus
311 853 526 930 probatusque,
555 853 649 910 semel
678 856 802 910 omnino
829 871 879 910 me
913 850 1060 910 audiente

152 957 338 1025 provectum,
354 958 390 1008 ut
410 949 450 1008 de
471 951 562 1010 rebus
583 954 643 1008 suis
665 950 722 1006 hoe
743 969 838 1008 unum
860 949 998 1018 referret,
1015 953 1061 1007 ita

152 1067 255 1105 secum
276 1047 439 1125 aliquando
461 1048 601 1105 Cluvium
621 1049 778 1106 locutum:
808 1047 901 1118 ‘Scia
922 1047 1061 1124 Vergini,

151 1165 228 1224 quae
253 1145 396 1204 historiae
420 1145 495 1203 fides
519 1146 688 1214 debeatur;
720 1145 847 1223 proinde
876 1149 900 1202 si
925 1144 997 1222 quid
1026 1150 1059 1202 in

151 1245 282 1302 historiis
310 1248 386 1302 meis
414 1245 491 1320 legis
519 1245 608 1302 aliter
630 1264 665 1301 ac
693 1244 776 1315 veliS,
799 1263 873 1320 rogo
901 1246 1059 1320 ignoscas’

153 1342 201 1400 Ad
222 1343 286 1400 hoe
302 1343 370 1401 ille:
393 1343 511 1414 ‘Tune,
526 1342 621 1414 Cluvi,
637 1346 768 1420 ignoras,
782 1342 851 1400 ideo
868 1363 917 1400 me
939 1341 1060 1413 fecisse,

150 1442 232 1516 quod
263 1441 332 1512 feci,
361 1449 396 1500 ut
424 1450 506 1499 esset
541 1442 669 1499 liberum
699 1442 782 1499 vobis
811 1442 951 1512 scribere,
980 1461 1058 1518 quae

150 1537 326 1595 libuisset?’
421 1611 424 1618 Ι

192 1635 260 1712 Age
286 1637 370 1706 dum,
393 1637 474 1694 huno
503 1642 601 1714 ipsum
630 1639 809 1698 Frontinum
836 1641 869 1695 in
897 1637 954 1694 hoc
981 1641 1060 1714 ips0,

150 1738 182 1791 in
203 1754 263 1812 quo
285 1736 341 1791 tibi
362 1740 478 1812 parcior
498 1735 618 1793 videtur
633 1745 665 1794 et
685 1740 823 1813 pressior,
839 1756 1057 1812 comparemua

150 1829 258 1887 Vetuit
293 1834 406 1888 exstrui
435 1839 686 1899 monumentum
717 1831 771 1889 sed
799 1831 908 1907 quibus
936 1830 1059 1888 verbis?

150 1929 159 1956 ‘
167 1923 309 1999 Impensa
322 1928 513 1982 monumenti
529 1944 713 2001 supervacua
727 1933 788 1993 est;
801 1929 946 1982 memoria
960 1929 1058 1982 nostri

149 2016 280 2088 durabit,
295 2023 320 2074 si
341 2022 403 2076 vita
424 2018 607 2076 meruimus?
651 2018 699 2076 An
721 2023 889 2076 restrictius
903 2018 1058 2077 arbitraris

149 2129 206 2185 per
238 2112 342 2167 orbem
384 2119 533 2168 terrarum
573 2112 739 2188 legendum
774 2112 846 2169 dare
880 2113 1059 2170 duraturam

149 2208 324 2260 memoriam
340 2225 433 2276 suam,
449 2227 540 2284 quam
562 2225 623 2263 uuo
637 2211 668 2262 in
690 2207 756 2264 looo
770 2207 887 2264 duobus
901 2207 1059 2266 versiculis

149 2301 280 2374 signare,
299 2300 380 2375 quod
401 2299 530 2357 feceris?
573 2300 765 2378 Quamquam
786 2321 847 2357 non
868 2300 966 2358 habeo
987 2321 1058 2378 pro-

148 2396 281 2468 positum
315 2391 401 2450 illum
436 2393 693 2470 reprehendendi,
729 2395 782 2451 sed
817 2393 898 2452 huno
926 2395 1059 2470 tuendi3

148 2486 232 2539 cuius
246 2503 324 2559 quae
339 2492 442 2560 potest
462 2483 543 2560 apud
563 2492 595 2542 te
610 2488 716 2542 iustior
730 2504 797 2544 esse
812 2485 950 2544 defensio
964 2507 1058 2564 quam

149 2595 185 2632 ex
211 2576 371 2635 collatione
398 2582 471 2649 eius,
486 2599 578 2656 quem
599 2579 794 2655 praetulisti?
837 2581 909 2638 Meo
931 2582 1057 2658 quidem

147 2669 258 2729 iudicio
272 2680 383 2729 neuter
397 2672 574 2748 culpandae
589 2694 716 2750 quorum
731 2682 860 2752 uterque
875 2675 913 2732 ad
928 2675 1056 2752 gloriam
1130 2683 1134 2686 ’

148 2765 212 2837 pari
234 2760 410 2837 cupiditate,
425 2761 543 2818 diverso
563 2767 674 2821 itinere
694 2764 864 2835 contendit,
878 2765 965 2834 alter,
980 2764 1055 2822 dum

148 2854 267 2925 expetit
293 2849 413 2908 debitos
442 2852 566 2921 titulos;
595 2852 683 2924 alter,
710 2853 785 2911 dum
812 2853 928 2911 mavult
956 2853 1055 2912 videri

149 2943 376 3015 contempsisse.
420 2940 503 2998 Vale.

180 3115 192 3137 ⁰
209 3107 306 3156 Consul
319 3109 403 3158 under
414 3109 471 3160 Oali
509 3110 550 3168 la;
569 3112 723 3176 pro-consul
735 3113 763 3162 of
778 3112 860 3176 Spain
873 3113 958 3162 under
970 3112 1052 3163 Nero.

148 3171 263 3231 Tacitus,
278 3173 414 3234 Plutarch,
428 3191 461 3224 an
494 3175 637 3226 Suetonius
652 3193 723 3226 seem
741 3185 770 3227 to
787 3179 854 3227 have
872 3178 965 3230 drawn
981 3194 1056 3242 upon

152 3237 192 3284 his
207 3236 279 3298 (lost)
291 3238 396 3302 history
404 3239 432 3287 of
442 3241 485 3290 hia
496 3256 555 3290 own
567 3242 646 3292 times
657 3243 698 3292 for
707 3243 779 3292 their
787 3249 913 3296 accounts
920 3243 948 3296 of
958 3241 1054 3305 Galba,

147 3300 226 3360 Otho,
240 3301 292 3355 aad
305 3301 438 3356 Vitellius.

150 3381 206 3438 218

1168 188 1171 343 l

1168 428 1171 531 l
