2438 3790
394 375 482 438 THE
510 380 693 439 LETTERS
722 381 777 439 OF
807 381 934 439 PLINY

182 528 187 538 ’
211 541 303 595 inseri
317 541 413 614 cupio.
451 537 531 594 Nam
545 542 570 595 si
585 557 651 596 esse
665 540 753 597 nobis
767 559 857 597 curae
872 540 959 611 solet,
974 549 1010 598 ut
1023 542 1117 601 facies

212 652 315 701 nostra
328 646 366 700 ab
388 649 503 721 optimo
525 665 645 722 quoque
666 645 781 722 artifice
803 651 997 723 exprimatur,
1013 668 1117 707 nonne

211 751 358 809 debemus
392 760 507 828 optare,
541 761 577 810 ut
611 755 752 829 operibus
786 758 897 812 nostris
931 754 1036 813 similis
1071 761 1117 815 tui

211 863 339 936 scriptor
353 859 602 936 praedicatorque
617 863 798 936 contingat?
834 860 1019 918 Demonstro
1033 883 1117 939 ergo,

212 986 393 1044 quamquam
408 966 601 1042 diligentiam
615 975 700 1024 tuam
714 965 822 1044 fugere
843 987 906 1024 non
927 973 1031 1044 possit,
1047 989 1117 1027 cum

210 1076 249 1130 sit
278 1077 309 1128 in
338 1073 465 1148 publicis
493 1077 577 1143 actis,
601 1073 777 1131 demonstro
801 1083 914 1145 tamen,
937 1095 997 1154 quo
1020 1081 1118 1154 magis

211 1179 324 1250 credas,
348 1179 513 1237 iucundum
537 1180 611 1237 mihi
640 1179 786 1252 futurum,
810 1187 834 1239 si
861 1180 976 1240 factum
1002 1203 1117 1255 meum,

211 1291 295 1345 cuius
317 1292 414 1364 gratia
435 1287 569 1363 periculo
591 1293 696 1360 crevit,
718 1297 772 1347 tuo
796 1293 930 1366 ingeni0,
953 1299 1008 1348 tuo
1032 1297 1119 1350 testi-

211 1400 312 1453 monio
326 1401 485 1453 ornaveris.

253 1504 390 1561 Dederat
417 1489 466 1560 uie
495 1512 618 1561 senatus
645 1524 714 1560 cum
751 1504 911 1562 Herennio
947 1505 1118 1563 Senecione

211 1611 391 1668 advocatum
426 1615 597 1686 provinciae
641 1611 781 1670 Baeticae
823 1621 928 1670 contra
969 1613 1118 1671 Baebium

213 1719 344 1775 Massam
359 1717 562 1794 damnatoque
585 1718 685 1776 Massa
705 1728 875 1789 censuerat,
897 1727 931 1776 ut
952 1720 1031 1776 bona
1052 1724 1119 1777 eius

211 1825 332 1901 publice
367 1825 599 1882 custodirentur.
640 1825 794 1896 ·.Senecio,
826 1846 895 1883 cum
931 1826 1119 1902 explorasset

212 1932 349 1990 consules
374 1932 627 2008 postulationibus
652 1940 818 2004 vacaturos,
841 1937 985 1990 convenit
1008 1953 1059 1990 me
1085 1941 1119 1990 et

211 2039 299 2110 ‘Qua
327 2038 506 2096 concordia'
535 2042 635 2114 inquit
663 2042 853 2096 ‘iniunctam
882 2041 969 2097 nobis
999 2059 1119 2096 accusa-

212 2149 327 2202 tionem
342 2148 478 2202 exsecuti
499 2164 610 2216 sumus,
626 2144 682 2202 hae
703 2144 847 2202 adeamus
871 2145 1009 2203 consules
1033 2153 1119 2221 peta-

213 2271 350 2328 musque,
373 2271 413 2308 ne
441 2253 520 2308 bona
545 2251 682 2329 dissipari
708 2255 819 2323 sinant,
842 2272 969 2329 quorum
994 2271 1060 2310 esse
1084 2256 1117 2309 in

211 2358 348 2416 custodia
368 2359 503 2416 debent?
548 2358 722 2435 Respondi:
752 2359 846 2415 ‘Cum
868 2363 960 2416 simus
978 2359 1118 2417 advocati

138 2533 142 2540 ⁴
210 2488 228 2523 a
250 2473 358 2523 senatu
382 2466 457 2537 dati,
481 2467 606 2542 dispice,
629 2486 703 2522 num
732 2474 869 2542 peractas
897 2473 986 2543 putes
1015 2475 1118 2542 partes

211 2581 328 2630 nostras
357 2580 480 2630 senatus
509 2572 684 2649 cognitione
713 2571 818 2630 linita)
872 2573 913 2630 Et
940 2572 1021 2630 illet.
1042 2573 1118 2645 ‘Tu,

211 2699 302 2756 quem
327 2678 419 2747 voles,
445 2681 501 2736 tibi
526 2683 692 2736 terminum
716 2686 844 2748 statues,
866 2683 914 2735 cui
938 2679 1022 2736 nulla
1047 2699 1118 2736 cum
1185 2707 1190 2716 ·

211 2789 365 2862 provincia
389 2785 582 2844 necessitudo
606 2789 665 2842 nisi
688 2805 725 2842 ex
748 2784 896 2864 beneficio
921 2777 975 2842 tuo
998 2794 1031 2843 et
1059 2786 1118 2845 boc

211 2896 349 2960 recenti;
378 2896 442 2968 ipse
471 2899 504 2949 et
532 2899 621 2948 natus
650 2893 692 2948 ibi
721 2900 753 2949 et
776 2899 918 2969 quaestor
939 2895 971 2948 in
993 2912 1030 2948 ea
1052 2892 1117 2950 fui'

211 2999 288 3056 Tum
318 3019 392 3075 ego:
436 2999 485 3055 ‘Si
515 2998 607 3054 fixum
641 3000 698 3056 tibi
731 2998 812 3056 istud
840 3019 874 3054 ac
903 2998 1117 3070 deliberatum,

245 3181 258 3204 ⁶
275 3171 396 3237 Pending
413 3173 570 3222 restitution
589 3176 619 3221 to
641 3172 688 3222 the
709 3171 869 3234 provinciale
889 3171 917 3220 ol
939 3171 985 3221 the
1007 3187 1119 3237 moneys

214 3237 337 3288 extorted
352 3237 385 3302 by
398 3237 487 3288 Massa
498 3238 526 3286 in
537 3237 580 3286 his
590 3238 787 3303 governorship.

216 3333 255 3389 86
