2362 3794
333 361 423 418 THE
452 359 636 418 LETTERS
665 360 720 418 OF
749 359 875 418 PLINY

583 542 627 598 IV

366 688 397 744 C.
416 686 537 744 Primus
561 687 704 744 Miciuuo
726 687 788 744 Suo
810 686 839 744 S.

191 833 347 903 Vastauna,
363 853 402 889 ne
424 832 615 889 immodicam
629 837 796 890 orationem
818 842 949 910 putares,
965 853 1057 910 quam

150 972 219 1009 cum
241 952 297 1008 hac
319 951 449 1029 epistula
469 956 607 1027 accipies,
623 956 679 1009 nisi
695 960 777 1010 esset
797 957 918 1028 generis
933 956 1007 1023 eiuS,
1020 961 1059 1009 ut

150 1091 241 1148 saepe
256 1074 399 1147 incipere,
411 1090 501 1147 saepe
515 1070 655 1128 desinere
667 1071 813 1130 videatur.
837 1071 916 1127 Nam
930 1070 1058 1147 singulis

150 1192 325 1248 criminibus
340 1191 475 1267 singulae
491 1190 575 1248 velut
590 1211 697 1250 causae
711 1195 915 1249 continentur.
940 1191 1058 1248 Poteris

151 1330 233 1386 erg0,
248 1310 452 1387 undecunque
466 1315 626 1388 inceperiS,
640 1313 814 1388 ubicunque
829 1311 963 1382 desieris,
978 1331 1058 1388 quae

152 1430 297 1506 deinceps
320 1438 494 1507 sequentur,
521 1438 553 1487 et
581 1434 665 1507 quasi
689 1434 866 1506 incipientia
893 1430 997 1506 legere
1025 1438 1059 1487 et

151 1553 237 1625 quasi
252 1548 446 1606 cohaerentia
457 1569 567 1626 meque
582 1553 614 1606 in
628 1553 825 1607 universitate
839 1549 1059 1625 longissimum,

152 1669 361 1725 brevissimum
375 1672 407 1724 in
421 1671 557 1744 partibus
573 1670 713 1727 iudicare.
757 1668 839 1726 Vale.

591 1891 618 1949 V

382 2043 413 2099 C.
439 2043 560 2099 Pnuuus
581 2040 691 2098 Tiaoiu
713 2042 775 2100 Suo
797 2041 826 2100 S.

193 2193 330 2250 Eandem
352 2192 424 2252 facis
446 2192 578 2271 (inquiro
604 2195 695 2264 enim,
721 2199 753 2248 et
777 2189 952 2270 persevera)
977 2191 1060 2268 quod

152 2309 298 2370 iustitiam
340 2320 424 2369 tuam
466 2310 699 2388 provincialibus
732 2309 830 2368 multa
867 2309 1060 2366 humanitate

153 2431 366 2499 commendas;
388 2435 472 2487 cuius
492 2434 654 2506 praecipua
668 2449 736 2505 pars
752 2437 799 2486 est
812 2428 1060 2486 honestissimum

155 2574 306 2634 quemque
329 2554 489 2630 complecti
511 2561 604 2629 atque
626 2557 669 2610 ita
690 2573 707 2608 a
728 2553 892 2609 minoribus
906 2555 1009 2622 amari,
1025 2559 1062 2608 ut
1086 2619 1088 2624 s
1155 2540 1157 2553 ¹

155 2678 244 2738 simul
265 2699 282 2734 a
303 2680 489 2756 principibus
510 2677 645 2752 diligare.
693 2676 830 2755 Plerique
851 2683 965 2745 autem,
986 2674 1062 2731 dum

156 2809 309 2871 verentur,
338 2821 378 2858 ne
406 2804 521 2876 gratiae
549 2803 723 2875 potentium
750 2803 877 2855 nimium
904 2800 1062 2874 impertire

157 2926 326 2996 videantur,
362 2927 567 2983 sinisteritatis
608 2933 701 3002 atque
736 2926 827 2980 etiam
862 2921 1063 2998 malignitatis

157 3052 267 3108 famam
283 3058 517 3127 consequuntur.
552 3050 579 3106 A
595 3071 654 3127 quo
668 3051 742 3105 vitio
756 3055 790 3104 tu
805 3046 896 3122 longe
910 3049 1063 3104 recessisti

158 3173 257 3254 (scio),
278 3175 332 3232 sed
357 3182 527 3249 temperare
549 3172 624 3228 mihi
645 3191 707 3228 non
730 3189 861 3247 possum,
882 3189 942 3246 quo
961 3173 1064 3228 minus

164 3301 219 3360 182
