2352 3802
415 397 503 454 THE
533 397 716 456 LETTERS
745 397 800 456 OF
828 395 956 454 PLlNY

674 610 699 715 i

544 813 699 874 Tnxrxnus
722 814 827 872 ano

276 973 380 1044 Poma,
394 977 436 1029 mi
451 972 592 1030 Secunde
607 976 769 1044 carissime,
783 976 849 1029 sine
871 972 1078 1030 sollicitudine
1092 993 1142 1030 re-

232 1067 363 1144 ligionis,
377 1071 401 1124 si
416 1068 473 1125 loci
488 1070 598 1143 positio
611 1067 733 1124 videtur
754 1066 812 1123 hoc
833 1066 1016 1138 desiderare,
1030 1067 1143 1125 aedem

234 1162 341 1219 Matris
358 1161 458 1220 Deum
473 1160 638 1219 transferre
648 1166 679 1218 in
694 1181 771 1232 eam,
783 1181 861 1238 quae
877 1170 925 1219 est
932 1163 1144 1219 accommoda-

232 1256 310 1320 tior3
341 1272 399 1308 nec
427 1259 460 1310 te
482 1259 613 1322 moveat,
638 1251 719 1329 quod
746 1252 797 1309 lex
825 1251 1026 1310 dedicationis
1056 1253 1146 1310 nulla

233 1350 396 1422 reperitur,
409 1367 478 1404 cum
493 1346 590 1404 solum
611 1350 790 1424 peregrinae
812 1351 942 1405 civitatis
963 1367 1056 1424 capax
1078 1369 1146 1405 non

234 1445 273 1498 sit
287 1441 497 1514 dedicationis,
511 1461 589 1519 quae
604 1440 638 1498 fit
652 1449 756 1498 nostro
767 1445 840 1498 iure.

670 1674 710 1732 LI

411 1832 442 1890 C.
467 1833 587 1890 anms
608 1833 746 1890 Tnarxxo
768 1832 957 1890 Irrrnnasom

277 1992 431 2050 Dirrrcitn
452 2000 508 2063 est,
530 1993 663 2063 domine,
678 1996 848 2070 exprimere
870 1993 979 2063 verbis,
994 2001 1153 2069 quantam

238 2094 426 2166 perceperim
441 2090 598 2161 laetitiam,
621 2089 702 2167 quod
727 2097 760 2146 et
783 2088 859 2145 mihi
882 2098 914 2146 et
935 2093 1032 2146 socrui
1056 2111 1155 2149 meae

237 2194 426 2266 praestitisti,
448 2198 483 2247 ut
503 2188 635 2246 adfinem
664 2189 750 2259 eius,l
781 2189 917 2257 Caelium
949 2189 1157 2248 Clementem

237 2291 268 2342 in
283 2286 361 2344 hanc
375 2290 559 2363 provinciam
581 2285 769 2344 transferres
814 2287 860 2344 Ex
882 2286 934 2344 illo
956 2291 1037 2344 enim
1062 2308 1160 2346 men-

237 2405 336 2441 suram
348 2385 485 2442 beneficii
500 2390 546 2444 tui
560 2389 683 2461 penitus
697 2385 854 2460 intellego,
864 2405 932 2442 cum
941 2392 1004 2442 tam
1019 2385 1160 2461 plenam

237 2482 460 2557 indulgentiam
489 2503 558 2540 cum
590 2491 657 2541 tota
691 2483 781 2541 domo
815 2503 883 2540 mea
918 2487 1071 2559 experiar,
1104 2491 1162 2543 cui

238 2579 351 2636 referre
374 2586 503 2656 gratiam
528 2602 631 2657 parem
657 2602 696 2639 ne
724 2581 822 2638 audeo
849 2581 983 2657 quidem,
1006 2589 1163 2658 quamvis

239 2683 369 2736 maxime
384 2680 522 2738 debeam.
568 2680 675 2757 ltaque
691 2680 731 2737 ad
751 2687 821 2737 vota
843 2678 986 2756 confugio
1008 2679 1164 2759 deosque

238 2797 355 2853 precor,
379 2787 414 2836 ut
436 2783 481 2849 iis,
507 2799 585 2856 quae
600 2784 631 2835 in
654 2799 704 2837 me
727 2778 853 2836 adsidue
874 2778 1002 2848 confers,
1021 2799 1094 2836 non
1112 2786 1164 2838 in-

238 2876 349 2952 dignus
370 2881 533 2935 existimer.

271 3031 279 3060 ยน
297 3029 410 3080 adfinem
432 3032 488 3079 eius
510 3031 662 3090 Beroaldus,
676 3030 710 3079 nd
727 3029 806 3079 finem
823 3031 880 3079 eius
892 3030 954 3089 Aa,
971 3045 998 3090 a,
1012 3029 1052 3080 ad
1075 3033 1167 3082 finem

238 3097 391 3146 consulatus
404 3096 497 3146 Calan.

242 3351 300 3406 340
