2362 3794
345 367 434 426 THE
462 367 647 426 LETTERS
675 368 731 427 OF
760 369 887 426 PLINY

163 527 221 584 Vix
235 528 287 585 ille
302 528 490 598 discesserat,
505 547 606 585 rursus
627 527 721 585 alter:
745 527 848 598 ‘Quid
869 527 986 585 audes?
1008 547 1072 604 quo

163 636 245 691 ruis?
266 636 374 712 quibus
396 643 428 693 te
450 634 741 711 periculisvobiicis?
763 634 836 712 quid
858 635 1071 711 praesentibus

163 742 287 799 confidis
315 746 448 799 incertus
473 741 663 799 futurorum?
684 741 805 800 lacessis
829 740 985 798 hominem
1008 745 1072 798 iam

163 849 351 925 praefectum
372 853 478 906 aerarii
493 858 526 908 et
544 850 629 907 brevi
650 849 816 921 consulem,
830 857 989 925 praeterea
1009 869 1073 925 qua

163 961 269 1032 gratia,
284 959 392 1034 quibus
406 960 544 1014 amicitiis
555 955 666 1014 fultum
679 957 685 1012 l
699 956 705 976 '
750 957 895 1013 Nominat
906 955 1071 1032 quendam,

163 1066 214 1141 qui
249 1071 323 1120 tunc
357 1064 395 1121 ad
430 1067 580 1121 orientem
614 1062 831 1138 amplissimum
866 1070 899 1119 et
933 1061 1071 1118 famosis-

163 1175 272 1227 simum
287 1173 453 1227 exercitum
468 1190 530 1226 non
544 1173 609 1226 sinc
623 1173 741 1245 magnis
762 1170 922 1245 dubiisque
943 1173 1070 1224 rumori-

162 1279 218 1335 bus
243 1277 409 1340 obtinebat.
453 1277 502 1333 Ad
525 1277 600 1334 haec
629 1296 706 1353 ego:
742 1282 779 1309 “‘
789 1275 900 1333 Omnia
927 1281 1071 1352 praecepi

162 1391 255 1461 atque
270 1389 370 1441 animo
384 1404 504 1441 mecum
518 1392 590 1442 ante
605 1389 710 1461 peregi
722 1384 760 1422 ”1
784 1405 841 1442 nec
856 1403 971 1455 recuso,
986 1387 1011 1440 si
1026 1387 1071 1440 ita

163 1512 248 1548 casus
262 1491 410 1561 attulerit,
422 1490 506 1548 luere
517 1511 630 1567 poenas
640 1493 679 1549 ob
688 1490 933 1549 honestissimum
943 1489 1070 1561 factum,

163 1599 237 1656 dum
251 1599 516 1675 flagitiosissimum
530 1598 674 1656 ulciscor.’

205 1704 269 1761 Iam
304 1705 450 1762 censendi
484 1713 613 1781 tempus.
665 1705 750 1763 Dicit
785 1704 937 1762 Domitius
972 1705 1071 1782 Apol-

161 1813 274 1881 linaris,
303 1811 408 1868 consul
436 1812 624 1887 designatus,
651 1812 726 1869 dicit
751 1811 903 1868 Fabricius
928 1812 1071 1884 Veiento,

164 1920 274 1977 Fabius
298 1918 477 1989 Postumius,
493 1919 614 1976 Vettius
636 1918 791 1989 Proculus,
812 1918 929 1996 collega
953 1919 1071 1977 Publici

163 2025 257 2095 Certi,
279 2024 318 2081 de
347 2045 406 2102 quo
429 2026 584 2101 agebatur,
608 2029 707 2081 uxoris
730 2033 834 2084 autem
858 2044 956 2096 meae,
977 2046 1070 2103 quam

162 2136 331 2202 amiseram,
371 2135 503 2202 vitricus,
546 2140 615 2207 post
657 2132 711 2190 hos
753 2133 892 2190 Ammius
935 2133 1068 2190 Flaccus.

163 2238 279 2296 Omnes
294 2238 419 2296 Certum
433 2239 568 2296 nondum
582 2260 600 2296 a
614 2260 664 2296 rne
679 2244 868 2298 nominatum
883 2247 918 2298 ut
932 2244 1070 2297 nomina-

163 2353 229 2402 tum
251 2344 434 2417 defendunt,
449 2350 624 2423 crimenque
645 2350 730 2424 quasi
751 2351 783 2402 in
803 2348 904 2404 medio
927 2347 1069 2404 relictum

162 2451 341 2510 defensione
355 2456 530 2528 suscipiunt.
575 2451 661 2523 Quae
677 2461 835 2528 praeterea
849 2453 991 2524 dixerint,
1005 2473 1069 2509 non

162 2567 492 2626 estnecessenarrare3
512 2562 544 2614 in
553 2558 636 2615 libris
645 2558 747 2616 habes.
784 2558 857 2616 Sum
867 2563 948 2616 enim
958 2567 1070 2616 cuncta
1118 2636 1120 2640 Α

162 2669 294 2740 ipsorum
309 2665 407 2722 verbis
421 2672 606 2740 persecutus.

205 2771 320 2829 Dicunt
354 2779 459 2828 contra
490 2770 616 2829 Avidius
645 2770 785 2843 QuietuS,
812 2772 963 2830 Cornutus
994 2772 1069 2830 Ter-

162 2878 274 2946 tullus;
314 2877 453 2949 Quietus,
487 2882 707 2955 iniquissimum
742 2899 807 2936 esse
824 2883 826 2887 ’
842 2878 980 2955 querelas
1014 2879 1070 2936 do-

162 2985 291 3042 lentium
327 2985 456 3056 excludi,
484 2984 614 3062 ideoque
646 2979 751 3042 Arriae
787 2993 819 3042 et
854 2986 986 3043 Fanniae
1021 2991 1069 3044 ius

439 3101 447 3132 ¹
465 3103 545 3166 Verg.
561 3102 626 3152 Aen.
642 3105 676 3153 vi.
693 3105 747 3154 105.

952 3191 1067 3201 ——..

360 3229 371 3251 ‘¹
388 3236 421 3270 sc.
434 3219 462 3268 oi
473 3219 587 3278 Saturm
606 3236 648 3269 see
660 3237 685 3273 x.
700 3222 749 3280 3Α,
764 3229 826 3274 note
838 3221 859 3271 b.
