2334 3686
357 253 445 310 THE
474 252 656 310 LETTERS
685 253 740 310 OF
769 251 894 309 PLINY

176 413 370 470 inflexibilem
398 413 633 469 obstinationem
655 410 768 468 debere
790 415 898 487 puniri.
943 410 1082 467 Fuerunt

176 521 225 577 alii
241 519 345 576 similis
359 523 510 576 amentiae
523 539 530 587 ;
552 538 636 596 quoa,
651 521 721 595 quia
735 522 815 575 cives
833 518 958 574 Romani
980 525 1081 587 erant,

175 627 317 686 adnotavi
332 631 363 684 in
378 627 484 684 urbem
499 625 707 682 remittendos.

219 734 289 790 Mox
313 738 378 809 ipso
402 740 543 802 tractatu,
567 741 603 789 ut
627 732 690 788 fieri
716 732 803 802 solet,
826 731 1019 788 diffundente
1048 753 1082 789 se

176 845 301 898 crimine
330 841 431 916 plures
459 845 575 916 species
603 839 784 897 inciderunt.
831 839 1004 916 Propositus
1033 849 1084 898 est

175 948 296 1005 libellus
325 952 390 1004 sine
418 956 541 1005 auctore
570 947 735 1004 multorum
763 951 885 1004 nomina
908 952 1080 1005 continens

176 1057 236 1127 Qui
265 1057 420 1131 negabant
447 1075 479 1112 se
507 1075 572 1112 esse
602 1053 786 1113 Christianos
807 1063 861 1112 aut
885 1055 987 1126 fuisse,
1010 1076 1081 1112 cum

176 1171 342 1240 praeeunte
357 1183 406 1219 me
421 1162 493 1220 deos
507 1162 707 1238 appellarent,
719 1171 752 1220 et
762 1167 886 1238 imagini
896 1171 976 1232 tuae,
987 1183 1080 1239 quam

176 1278 300 1347 propter
312 1270 368 1327 hoc
377 1274 520 1328 iusseram
530 1289 598 1326 cum
613 1269 778 1326 simulacris
786 1274 943 1327 numinum
954 1269 1079 1338 adferri,

176 1386 244 1435 ture
267 1398 302 1434 ac
331 1382 401 1434 vino
428 1377 643 1453 supplicarent,
673 1385 831 1453 praeterea
858 1376 1080 1434 maledicerent

176 1484 304 1556 Christo,
320 1504 445 1560 quorum
461 1483 536 1540 nihil
558 1504 644 1560 posse
670 1488 736 1560 cogi
758 1484 910 1554 dicuntur,
932 1488 983 1561 qui
1008 1492 1081 1541 sunt

176 1612 293 1650 revera
314 1592 486 1662 Christiani,
501 1592 699 1649 dimittendos
721 1611 787 1650 esse
809 1596 920 1668 putavi.
965 1592 1028 1648 Alii
1042 1594 1079 1648 ab

176 1699 276 1755 indice
292 1703 438 1755 nominati
455 1717 520 1754 esse
535 1718 567 1754 se
582 1697 768 1755 Christianos
788 1698 932 1755 dixerunt
955 1707 988 1756 et
1008 1718 1076 1755 mox
1140 1761 1141 1770 J

176 1812 365 1880 negaverunt
378 1824 385 1872 ;
401 1803 492 1860 fuisse
507 1804 640 1880 quidem,
652 1805 705 1861 sed
720 1804 854 1874 desiisse,
864 1797 991 1882 ¹quidam
1006 1813 1076 1861 ante

175 1906 349 1970 triennium,
361 1900 484 1978 quidam
498 1911 570 1959 ante
586 1901 687 1978 plures
696 1923 799 1972 annos,
811 1922 872 1958 non
884 1922 975 1959 nemo
986 1907 1075 1960 etiarn

173 2008 246 2056 ante
269 2003 377 2074 viginti
405 2001 562 2076 quinque.l
604 2000 719 2058 Omnes
742 2009 775 2058 et
801 2005 967 2076 imaginem
995 2009 1075 2058 tuam

174 2098 360 2173 deorumque
391 2097 549 2154 simulacra
584 2104 720 2157 venerati
755 2107 846 2157 sunt:
890 2107 923 2156 et
959 2100 1076 2157 Christo

174 2194 406 2252 maledixerunt.

215 2293 425 2350 Adfirmabant
439 2302 542 2351 autem
557 2293 635 2350 hanc
650 2295 742 2352 fuisse
753 2315 900 2352 summam
911 2295 960 2352 vel
972 2297 1075 2374 culpae
1132 2279 1133 2297 J

175 2413 245 2450 suae
271 2391 318 2450 vel
343 2397 460 2463 erroris,
486 2392 566 2469 quod
592 2402 696 2451 essent
720 2392 799 2450 soliti
825 2402 905 2450 stato
928 2395 981 2451 die
1008 2405 1075 2452 ante
1128 2389 1131 2476 J

174 2492 274 2550 lucem
288 2495 450 2548 convenire
465 2511 648 2568 carmenque
663 2491 782 2550 Christo
796 2496 880 2568 quasi
895 2492 955 2548 deo
968 2489 1075 2550 'dicere

174 2609 276 2647 secum
311 2593 440 2646 invicem
475 2609 567 2675 seque
603 2598 790 2647 sacramento
823 2609 885 2646 non
919 2594 953 2646 in
983 2592 1076 2649 scelus

174 2687 295 2764 aliquod
320 2689 519 2762 obstringere,
535 2686 588 2744 sed
610 2707 649 2743 ne
671 2687 762 2758 furta,
783 2707 823 2743 ne
845 2686 1018 2760 latrocinia,
1044 2710 1076 2746 ne

173 2787 323 2843 adulteria
358 2789 596 2856 committerent,
634 2805 673 2840 ne
716 2785 805 2841 fidem
849 2784 1007 2858 fallerent,
1046 2807 1076 2844 ne

288 2916 297 2946 ¹
315 2917 536 2980 vigintiquinque
549 2915 742 2976 Ritterabuairu,
755 2932 858 2981 quoque
870 2933 895 2972 u.
909 2917 961 2967 Au.

207 3042 219 3064 ‘¹
237 3033 339 3098 Except
351 3033 386 3097 by
399 3034 495 3098 special
507 3033 658 3098 delegatiou
669 3033 697 3082 oi
708 3033 754 3081 the
768 3033 917 3097 Emperor's
929 3051 992 3084 own
1005 3037 1079 3100 juris·

173 3098 283 3158 diction,
298 3115 332 3146 no
343 3099 488 3162 provincial
500 3115 629 3163 governor
641 3099 692 3147 had
705 3114 793 3162 power
803 3105 831 3146 io
843 3097 929 3148 inflict
941 3100 991 3149 the
1001 3103 1080 3151 death

173 3211 231 3260 40²
