2352 3802
355 365 444 423 THE
473 364 655 424 LETTERS
684 365 739 424 OF
767 365 893 423 PLINY

173 545 270 582 annos
284 524 458 582 ordinatura
472 524 620 594 detineat,
635 527 741 600 inqua
761 523 836 622 mihi
856 543 933 580 nova
954 524 1078 581 consilia

174 649 321 708 sumenda
342 657 420 707 sunt.
466 649 544 706 Nam
565 652 665 724 priore
686 647 790 718 lustro,
805 667 988 725 quamquam
1008 655 1078 724 post

173 794 298 852 magnas
320 776 519 844 remissiones,
544 771 659 849 reliqua
680 779 848 829 creverunt.
893 772 969 829 Inde
998 773 1079 849 pler-

173 902 258 976 isque
287 897 371 955 nulla
398 902 457 954 iam
486 916 557 954 cura
582 896 740 953 minuendi
768 900 845 953 aeris
871 895 972 967 alieni,
997 897 1078 974 quod

174 1021 338 1098 desperant
357 1041 445 1097 posse
460 1019 609 1096 persolvi;
630 1023 753 1104 rapiunt
775 1023 867 1077 etiam
882 1028 1079 1078 consumunt-

174 1165 244 1223 que,
258 1144 339 1223 quod
360 1153 466 1204 natum
488 1151 544 1215 est,
558 1151 594 1201 ut
615 1147 666 1221 qui
680 1147 739 1200 iam
760 1151 872 1220 putent
892 1164 1001 1202 senon
1022 1145 1079 1202 sibi

174 1287 305 1346 parcere.

215 1393 445 1452 Occurrendum
467 1413 539 1470 ergo
553 1393 786 1469 augescentibus
800 1395 880 1448 vitiis
899 1399 931 1450 et
952 1393 1079 1451 meden-

174 1518 247 1575 dum
270 1525 324 1575 est.
368 1517 516 1575 Medendi
543 1537 604 1574 una
626 1521 712 1588 ratic,
737 1521 761 1574 si
786 1536 847 1574 non
868 1537 1002 1587 nummo,
1025 1518 1079 1575 sed

174 1633 309 1709 partibus
339 1633 437 1690 locem
465 1653 499 1690 ac
527 1631 639 1690 deinde
668 1652 706 1690 ex
733 1635 809 1689 meis
836 1631 951 1708 aliquos
979 1636 1079 1708 operis

174 1756 329 1806 exactores
371 1749 512 1806 custodes
546 1748 694 1806 fructibus
728 1768 846 1825 ponam.
891 1747 931 1804 Et
967 1748 1079 1826 alioqui

173 1857 291 1915 nullum
300 1863 406 1918 iustius
415 1879 512 1936 genus
521 1859 645 1930 reditus
655 1879 745 1936 quam
756 1859 837 1936 quod
848 1866 938 1929 terra,
950 1859 1078 1930 coelum,

173 1993 270 2032 annus
290 1974 393 2032 refert.
437 1975 480 2032 At
501 1973 558 2031 hoc
578 1994 720 2051 magnam
741 1974 841 2044 fidem,
861 1993 944 2031 acres
966 1974 1078 2045 oculos,

174 2109 347 2147 numerosas
374 2110 481 2147 manus
509 2094 613 2166 poscit.
658 2089 884 2166 Experiendum
912 2097 1018 2147 tamen
1046 2097 1080 2147 et

174 2207 258 2280 quasi
280 2207 311 2260 in
334 2209 431 2262 veteri
452 2206 558 2262 morbo
580 2204 735 2283 quaelibet
762 2208 939 2287 mutationis
966 2206 1079 2263 auxilia

173 2318 353 2393 temptanda
366 2327 444 2376 sunt

214 2431 316 2503 Vides,
331 2452 421 2509 quam
442 2453 505 2490 non
526 2433 656 2491 delicata
676 2455 725 2491 me
741 2454 828 2492 causa
843 2436 925 2492 obire
946 2439 1078 2511 primum

174 2545 346 2628 consulatus
374 2552 420 2606 tui
448 2548 529 2606 diem
557 2570 619 2607 non
644 2553 743 2618 sinat3
773 2570 864 2627 quem
893 2558 998 2608 tamen
1028 2550 1078 2608 hic

174 2681 293 2739 quoque
315 2671 350 2721 ut
370 2683 513 2739 praesens
534 2670 620 2736 votis,
635 2665 755 2741 gaudio,
772 2665 976 2742 gratulatione
999 2666 1078 2724 cele-

173 2777 273 2835 brabo
317 2777 400 2837 Vale.
