2354 3802
337 405 426 465 THE
456 405 639 466 LETTERS
669 405 723 464 OF
754 407 880 464 PLINY

154 572 187 621 te
212 583 332 641 quoque
354 563 435 621 salva
460 569 507 622 sit.
553 564 693 622 Honesta
715 563 905 633 consultatio,
929 583 989 619 non
1012 584 1062 621 ex·

154 688 260 763 pedite
288 692 450 745 sententia.
502 688 652 744 Numeres
681 687 865 764 reipublicae
893 691 1062 744 summam?

154 811 330 868 Verendum
351 819 407 881 est,
422 831 461 868 ne
483 810 641 868 dilabatur.
685 811 748 868 Des
762 813 870 887 agros?
891 819 926 868 ut
940 811 1063 886 publici,

155 935 368 1011 neglegentur.
426 933 577 1011 Equidem
612 934 687 990 nihil
716 933 901 991 commodius
930 937 1062 1004 invenio,

155 1077 244 1134 quarn
267 1058 348 1135 quod
372 1062 436 1134 ipse
459 1058 526 1114 feci.
571 1058 649 1114 Nam
669 1077 723 1134 pro
744 1062 920 1135 quingentis
939 1059 1063 1114 milibus

154 1201 324 1252 nummum,
351 1201 428 1258 quoe
456 1185 488 1238 iu
516 1181 661 1239 alimenta
689 1186 891 1258 ingenuorum
918 1187 1063 1257 ingenua-

155 1324 282 1382 rumque
310 1309 516 1380 promiseram,
543 1325 649 1381 agrum
680 1325 716 1361 ex
745 1308 821 1362 meis
848 1305 940 1380 longe
969 1305 1063 1380 pluris

155 1433 249 1486 actori
263 1428 385 1504 publico
407 1433 594 1505 mancipavi3
617 1429 749 1486 eundem
764 1429 906 1504 vectigali
920 1433 1064 1505 imposito

155 1556 256 1628 recepi
281 1557 398 1610 tricena
419 1553 502 1609 milia
522 1573 623 1610 annua
643 1552 776 1610 daturus
822 1552 880 1610 Per
900 1553 958 1609 boc
980 1557 1063 1610 enim

155 1683 188 1732 et
209 1675 393 1751 reipublicae
415 1695 477 1732 sors
500 1679 531 1732 iu
554 1683 622 1734 tuto
646 1695 704 1734 nec
726 1676 842 1734 reditus
865 1679 1009 1744 incertus,
1031 1683 1065 1734 et

155 1809 228 1866 ager
242 1794 306 1865 ipse
327 1799 453 1867 propter
471 1791 511 1862 id,
526 1791 608 1868 quod
623 1790 754 1867 vectigal
768 1791 852 1867 large
867 1794 1064 1866 supercurrit,

155 1924 275 1982 semper
290 1907 458 1977 dominum,
471 1927 489 1963 a
503 1927 564 1984 quo
578 1915 766 1977 exerceatur,
780 1911 925 1965 inveniet.

196 2021 262 2079 Nee
289 2026 396 2100 ignoro
423 2042 473 2078 me
507 2023 575 2098 plus
607 2022 772 2099 aliquant0,
807 2043 898 2100 quam
932 2022 1062 2082 donasse

155 2136 268 2207 videor,
300 2141 478 2214 erogavisse,
510 2157 579 2194 cum
607 2137 802 2213 pulcherrimi
834 2143 898 2215 agri
929 2125 1064 2214 pretium

155 2256 320 2310 necessitas
334 2252 490 2329 vectigalis
504 2252 673 2329 infregerit.
716 2253 778 2310 Sed
797 2261 919 2330 oportet
938 2257 1064 2328 privatis
1171 2315 1172 2320 χ

155 2367 338 2426 utilitatibus
366 2367 511 2443 publicas,
538 2368 716 2426 mortalibus
744 2376 883 2425 aeternas
907 2367 1063 2427 anteferre
1133 2415 1135 2420 ,

154 2482 312 2560 multoque
340 2482 518 2559 diligentius
552 2487 672 2541 muneri
703 2503 757 2541 suo
785 2484 942 2541 consulere
971 2503 1064 2561 quam
1171 2529 1172 2532 ,

154 2594 358 2652 facultatibus.
402 2595 485 2654 Vale.

571 2813 646 2870 xlx

384 2969 415 3027 C.
440 2969 560 3027 Pennus
584 2969 689 3026 Prusco
710 2969 772 3026 Suo
793 2969 822 3026 S.

195 3124 297 3181 Anum
309 3145 359 3182 me
375 3125 507 3182 Fanniae
521 3125 671 3183 valetudo.
715 3125 872 3183 Contraxit
886 3124 974 3212 hanc,
988 3124 1063 3182 dum

154 3238 274 3297 adsidet
299 3239 404 3297 Iuniae
433 3244 551 3316 virgini,
584 3249 692 3317 sponte
720 3244 850 3316 primum
884 3243 945 3317 (est
979 3245 1063 3298 enim

157 3347 195 3417 46
