<?xml version="1.0" encoding="UTF-8"?>
<!DOCTYPE html PUBLIC "-//W3C//DTD XHTML 1.0 Transitional//EN"
    "http://www.w3.org/TR/xhtml1/DTD/xhtml1-transitional.dtd">
<html xmlns="http://www.w3.org/1999/xhtml" xml:lang="en" lang="en">
 <head>
  <title>
</title>
<meta http-equiv="Content-Type" content="text/html;charset=utf-8" />
  <meta name='ocr-system' content='tesseract 3.04.00' />
  <meta name='ocr-capabilities' content='ocr_page ocr_carea ocr_par ocr_line ocrx_word'/>
</head>
<body>
  <div class='ocr_page' id='page_1' title='image "./letters00hutcgoog_0385.png"; bbox 0 0 2334 3686; ppageno 0'>
   <div class='ocr_carea' id='block_1_1' title="bbox 371 269 912 337">
    <p class='ocr_par' dir='ltr' id='par_1_1' title="bbox 371 269 912 337">
     <span class='ocr_line' id='line_1_1' title="bbox 371 269 912 337; baseline -0.011 0"><span class='ocrx_word' id='word_1_1' title='bbox 371 275 460 337; x_wconf 86' lang='lat' dir='ltr'><strong>THE</strong></span> <span class='ocrx_word' id='word_1_2' title='bbox 489 274 672 336; x_wconf 83' lang='lat' dir='ltr'>LETTERS</span> <span class='ocrx_word' id='word_1_3' title='bbox 702 277 756 336; x_wconf 89' lang='lat' dir='ltr'><strong>OF</strong></span> <span class='ocrx_word' id='word_1_4' title='bbox 787 269 912 333; x_wconf 85' lang='lat' dir='ltr'><strong>PLlNY</strong></span> 
     </span>
    </p>
   </div>
   <div class='ocr_carea' id='block_1_2' title="bbox 585 512 698 569">
    <p class='ocr_par' dir='ltr' id='par_1_2' title="bbox 585 512 698 569">
     <span class='ocr_line' id='line_1_2' title="bbox 585 512 698 569; baseline -0.009 0"><span class='ocrx_word' id='word_1_5' title='bbox 585 512 698 569; x_wconf 90' lang='lat' dir='ltr'>LXXV</span> 
     </span>
    </p>
   </div>
   <div class='ocr_carea' id='block_1_3' title="bbox 364 670 910 730">
    <p class='ocr_par' dir='ltr' id='par_1_3' title="bbox 364 670 910 730">
     <span class='ocr_line' id='line_1_3' title="bbox 364 670 910 730; baseline -0.007 0"><span class='ocrx_word' id='word_1_6' title='bbox 364 673 395 730; x_wconf 90' lang='lat' dir='ltr'><strong>C.</strong></span> <span class='ocrx_word' id='word_1_7' title='bbox 420 671 540 729; x_wconf 82' lang='lat' dir='ltr'><strong>Pmnrus</strong></span> <span class='ocrx_word' id='word_1_8' title='bbox 560 671 699 728; x_wconf 69' lang='lat' dir='ltr'><strong>Turrino</strong></span> <span class='ocrx_word' id='word_1_9' title='bbox 722 670 910 728; x_wconf 74' lang='lat' dir='ltr'><strong>Inranirom</strong></span> 
     </span>
    </p>
   </div>
   <div class='ocr_carea' id='block_1_4' title="bbox 189 826 1101 2084">
    <p class='ocr_par' dir='ltr' id='par_1_4' title="bbox 189 826 1101 2084">
     <span class='ocr_line' id='line_1_4' title="bbox 229 826 1097 905; baseline -0.006 -18"><span class='ocrx_word' id='word_1_10' title='bbox 229 830 340 902; x_wconf 77' lang='lat' dir='ltr'><strong>lmus,</strong></span> <span class='ocrx_word' id='word_1_11' title='bbox 369 829 502 899; x_wconf 85' lang='lat' dir='ltr'><strong>domine,</strong></span> <span class='ocrx_word' id='word_1_12' title='bbox 531 827 648 905; x_wconf 84' lang='lat' dir='ltr'>Largus</span> <span class='ocrx_word' id='word_1_13' title='bbox 676 847 714 885; x_wconf 87' lang='lat' dir='ltr'><strong>ex</strong></span> <span class='ocrx_word' id='word_1_14' title='bbox 741 827 838 886; x_wconf 89' lang='lat' dir='ltr'><strong>Ponto</strong></span> <span class='ocrx_word' id='word_1_15' title='bbox 863 827 998 884; x_wconf 91' lang='lat' dir='ltr'><strong>nondum</strong></span> <span class='ocrx_word' id='word_1_16' title='bbox 1020 826 1097 883; x_wconf 92' lang='lat' dir='ltr'><strong>mihi</strong></span> 
     </span>
     <span class='ocr_line' id='line_1_5' title="bbox 189 924 1097 1004; baseline -0.006 -19"><span class='ocrx_word' id='word_1_17' title='bbox 189 933 268 986; x_wconf 89' lang='lat' dir='ltr'><strong>visus</strong></span> <span class='ocrx_word' id='word_1_18' title='bbox 295 948 330 984; x_wconf 87' lang='lat' dir='ltr'><strong>ac</strong></span> <span class='ocrx_word' id='word_1_19' title='bbox 358 947 397 984; x_wconf 91' lang='lat' dir='ltr'><strong>ne</strong></span> <span class='ocrx_word' id='word_1_20' title='bbox 425 927 546 985; x_wconf 90' lang='lat' dir='ltr'><strong>auditus</strong></span> <span class='ocrx_word' id='word_1_21' title='bbox 573 926 698 1003; x_wconf 89' lang='lat' dir='ltr'><strong>quidem</strong></span> <span class='ocrx_word' id='word_1_22' title='bbox 733 924 862 1004; x_wconf 85' lang='lat' dir='ltr'><strong>(scilicet</strong></span> <span class='ocrx_word' id='word_1_23' title='bbox 896 924 1008 982; x_wconf 92' lang='lat' dir='ltr'><strong>iudicio</strong></span> <span class='ocrx_word' id='word_1_24' title='bbox 1041 931 1097 980; x_wconf 90' lang='lat' dir='ltr'><strong>tuo</strong></span> 
     </span>
     <span class='ocr_line' id='line_1_6' title="bbox 189 1024 1097 1104; baseline -0.004 -22"><span class='ocrx_word' id='word_1_25' title='bbox 189 1024 333 1104; x_wconf 86' lang='lat' dir='ltr'><strong>credidit)</strong></span> <span class='ocrx_word' id='word_1_26' title='bbox 353 1024 611 1101; x_wconf 85' lang='lat' dir='ltr'><strong>dispensationem</strong></span> <span class='ocrx_word' id='word_1_27' title='bbox 632 1025 785 1101; x_wconf 89' lang='lat' dir='ltr'><strong>quandam</strong></span> <span class='ocrx_word' id='word_1_28' title='bbox 805 1024 880 1081; x_wconf 91' lang='lat' dir='ltr'><strong>mihi</strong></span> <span class='ocrx_word' id='word_1_29' title='bbox 899 1043 970 1100; x_wconf 85' lang='lat' dir='ltr'><strong>erga</strong></span> <span class='ocrx_word' id='word_1_30' title='bbox 984 1031 1017 1080; x_wconf 93' lang='lat' dir='ltr'><strong>te</strong></span> <span class='ocrx_word' id='word_1_31' title='bbox 1032 1027 1097 1098; x_wconf 93' lang='lat' dir='ltr'><strong>pie-</strong></span> 
     </span>
     <span class='ocr_line' id='line_1_7' title="bbox 189 1123 1096 1201; baseline -0.006 -20"><span class='ocrx_word' id='word_1_32' title='bbox 189 1129 260 1182; x_wconf 88' lang='lat' dir='ltr'><strong>tatis</strong></span> <span class='ocrx_word' id='word_1_33' title='bbox 279 1145 350 1181; x_wconf 91' lang='lat' dir='ltr'><strong>suae</strong></span> <span class='ocrx_word' id='word_1_34' title='bbox 371 1128 633 1201; x_wconf 81' lang='lat' dir='ltr'><strong>ministeriumque</strong></span> <span class='ocrx_word' id='word_1_35' title='bbox 654 1123 817 1181; x_wconf 85' lang='lat' dir='ltr'><strong>mandavit.</strong></span> <span class='ocrx_word' id='word_1_36' title='bbox 865 1123 991 1199; x_wconf 82' lang='lat' dir='ltr'><strong>Rogavit</strong></span> <span class='ocrx_word' id='word_1_37' title='bbox 1013 1125 1096 1177; x_wconf 92' lang='lat' dir='ltr'><strong>enim</strong></span> 
     </span>
     <span class='ocr_line' id='line_1_8' title="bbox 189 1221 1097 1293; baseline -0.007 -13"><span class='ocrx_word' id='word_1_38' title='bbox 189 1230 385 1293; x_wconf 87' lang='lat' dir='ltr'><strong>testamento,</strong></span> <span class='ocrx_word' id='word_1_39' title='bbox 404 1230 438 1280; x_wconf 93' lang='lat' dir='ltr'><strong>ut</strong></span> <span class='ocrx_word' id='word_1_40' title='bbox 456 1221 659 1280; x_wconf 81' lang='lat' dir='ltr'><strong>hereditatem</strong></span> <span class='ocrx_word' id='word_1_41' title='bbox 681 1241 765 1280; x_wconf 86' lang='lat' dir='ltr'><strong>suam</strong></span> <span class='ocrx_word' id='word_1_42' title='bbox 788 1221 902 1278; x_wconf 85' lang='lat' dir='ltr'><strong>adirem</strong></span> <span class='ocrx_word' id='word_1_43' title='bbox 925 1239 1097 1276; x_wconf 90' lang='lat' dir='ltr'><strong>cernerem-</strong></span> 
     </span>
     <span class='ocr_line' id='line_1_9' title="bbox 189 1317 1098 1397; baseline -0.006 -19"><span class='ocrx_word' id='word_1_44' title='bbox 189 1340 250 1397; x_wconf 89' lang='lat' dir='ltr'><strong>que</strong></span> <span class='ocrx_word' id='word_1_45' title='bbox 263 1341 298 1378; x_wconf 91' lang='lat' dir='ltr'><strong>ac</strong></span> <span class='ocrx_word' id='word_1_46' title='bbox 317 1321 431 1378; x_wconf 90' lang='lat' dir='ltr'><strong>deinde</strong></span> <span class='ocrx_word' id='word_1_47' title='bbox 452 1325 604 1397; x_wconf 81' lang='lat' dir='ltr'><strong>perceptis</strong></span> <span class='ocrx_word' id='word_1_48' title='bbox 625 1324 847 1396; x_wconf 81' lang='lat' dir='ltr'><strong>quinquaginta</strong></span> <span class='ocrx_word' id='word_1_49' title='bbox 867 1317 987 1375; x_wconf 87' lang='lat' dir='ltr'><strong>milibus</strong></span> <span class='ocrx_word' id='word_1_50' title='bbox 1008 1337 1098 1374; x_wconf 91' lang='lat' dir='ltr'><strong>num-</strong></span> 
     </span>
     <span class='ocr_line' id='line_1_10' title="bbox 189 1416 1098 1495; baseline -0.004 -20"><span class='ocrx_word' id='word_1_51' title='bbox 189 1439 274 1475; x_wconf 90' lang='lat' dir='ltr'><strong>mum</strong></span> <span class='ocrx_word' id='word_1_52' title='bbox 301 1419 452 1495; x_wconf 90' lang='lat' dir='ltr'><strong>reliquum</strong></span> <span class='ocrx_word' id='word_1_53' title='bbox 480 1439 570 1475; x_wconf 91' lang='lat' dir='ltr'><strong>omne</strong></span> <span class='ocrx_word' id='word_1_54' title='bbox 600 1417 853 1475; x_wconf 79' lang='lat' dir='ltr'><strong>Heracleotarum</strong></span> <span class='ocrx_word' id='word_1_55' title='bbox 878 1425 911 1474; x_wconf 90' lang='lat' dir='ltr'><strong>et</strong></span> <span class='ocrx_word' id='word_1_56' title='bbox 933 1416 1098 1472; x_wconf 82' lang='lat' dir='ltr'><strong>Tianorum</strong></span> 
     </span>
     <span class='ocr_line' id='line_1_11' title="bbox 190 1517 1096 1588; baseline -0.002 -14"><span class='ocrx_word' id='word_1_57' title='bbox 190 1518 362 1575; x_wconf 89' lang='lat' dir='ltr'><strong>civitatibus</strong></span> <span class='ocrx_word' id='word_1_58' title='bbox 375 1517 547 1588; x_wconf 89' lang='lat' dir='ltr'><strong>redderem,</strong></span> <span class='ocrx_word' id='word_1_59' title='bbox 561 1522 605 1575; x_wconf 94' lang='lat' dir='ltr'><strong>ita</strong></span> <span class='ocrx_word' id='word_1_60' title='bbox 619 1525 654 1574; x_wconf 92' lang='lat' dir='ltr'><strong>ut</strong></span> <span class='ocrx_word' id='word_1_61' title='bbox 673 1524 754 1575; x_wconf 91' lang='lat' dir='ltr'><strong>esset</strong></span> <span class='ocrx_word' id='word_1_62' title='bbox 772 1517 887 1573; x_wconf 85' lang='lat' dir='ltr'><strong>arbitrii</strong></span> <span class='ocrx_word' id='word_1_63' title='bbox 908 1519 978 1585; x_wconf 87' lang='lat' dir='ltr'><strong>mei,</strong></span> <span class='ocrx_word' id='word_1_64' title='bbox 994 1524 1096 1573; x_wconf 90' lang='lat' dir='ltr'><strong>utrum</strong></span> 
     </span>
     <span class='ocr_line' id='line_1_12' title="bbox 190 1615 1099 1693; baseline -0.003 -19"><span class='ocrx_word' id='word_1_65' title='bbox 190 1636 282 1692; x_wconf 90' lang='lat' dir='ltr'><strong>opera</strong></span> <span class='ocrx_word' id='word_1_66' title='bbox 315 1615 463 1686; x_wconf 86' lang='lat' dir='ltr'><strong>facienda,</strong></span> <span class='ocrx_word' id='word_1_67' title='bbox 495 1636 572 1693; x_wconf 89' lang='lat' dir='ltr'><strong>quae</strong></span> <span class='ocrx_word' id='word_1_68' title='bbox 608 1616 716 1673; x_wconf 90' lang='lat' dir='ltr'><strong>honori</strong></span> <span class='ocrx_word' id='word_1_69' title='bbox 749 1623 804 1673; x_wconf 92' lang='lat' dir='ltr'><strong>tuo</strong></span> <span class='ocrx_word' id='word_1_70' title='bbox 838 1622 1099 1685; x_wconf 89' lang='lat' dir='ltr'><strong>consecrarentur,</strong></span> 
     </span>
     <span class='ocr_line' id='line_1_13' title="bbox 191 1712 1099 1792; baseline -0.003 -20"><span class='ocrx_word' id='word_1_71' title='bbox 191 1724 330 1791; x_wconf 85' lang='lat' dir='ltr'><strong>putarem</strong></span> <span class='ocrx_word' id='word_1_72' title='bbox 352 1735 392 1771; x_wconf 87' lang='lat' dir='ltr'><strong>an</strong></span> <span class='ocrx_word' id='word_1_73' title='bbox 412 1714 618 1773; x_wconf 90' lang='lat' dir='ltr'><strong>instituendos</strong></span> <span class='ocrx_word' id='word_1_74' title='bbox 637 1712 880 1792; x_wconf 83' lang='lat' dir='ltr'><strong>quinquennales</strong></span> <span class='ocrx_word' id='word_1_75' title='bbox 900 1733 1021 1791; x_wconf 64' lang='lat' dir='ltr'><strong>agonas</strong></span> <span class='ocrx_word' id='word_1_76' title='bbox 1045 1717 1099 1790; x_wconf 93' lang='lat' dir='ltr'><strong>qui</strong></span> 
     </span>
     <span class='ocr_line' id='line_1_14' title="bbox 191 1811 1100 1889; baseline -0.002 -19"><span class='ocrx_word' id='word_1_77' title='bbox 191 1813 311 1870; x_wconf 85' lang='lat' dir='ltr'><strong>Traiani</strong></span> <span class='ocrx_word' id='word_1_78' title='bbox 338 1813 541 1889; x_wconf 81' lang='lat' dir='ltr'><strong>appellentur.</strong></span> <span class='ocrx_word' id='word_1_79' title='bbox 574 1811 677 1884; x_wconf 73' lang='lat' dir='ltr'><strong>&#39;Quod</strong></span> <span class='ocrx_word' id='word_1_80' title='bbox 704 1817 736 1870; x_wconf 92' lang='lat' dir='ltr'><strong>in</strong></span> <span class='ocrx_word' id='word_1_81' title='bbox 761 1816 902 1870; x_wconf 85' lang='lat' dir='ltr'><strong>notitiam</strong></span> <span class='ocrx_word' id='word_1_82' title='bbox 922 1820 1007 1870; x_wconf 89' lang='lat' dir='ltr'><strong>tuam</strong></span> <span class='ocrx_word' id='word_1_83' title='bbox 1027 1831 1100 1887; x_wconf 91' lang='lat' dir='ltr'><strong>per-</strong></span> 
     </span>
     <span class='ocr_line' id='line_1_15' title="bbox 191 1910 1101 1986; baseline -0.001 -19"><span class='ocrx_word' id='word_1_84' title='bbox 191 1910 352 1968; x_wconf 84' lang='lat' dir='ltr'><strong>ferendum</strong></span> <span class='ocrx_word' id='word_1_85' title='bbox 374 1915 543 1968; x_wconf 87' lang='lat' dir='ltr'><strong>existimavi</strong></span> <span class='ocrx_word' id='word_1_86' title='bbox 564 1913 604 1968; x_wconf 93' lang='lat' dir='ltr'><strong>ob</strong></span> <span class='ocrx_word' id='word_1_87' title='bbox 625 1910 682 1968; x_wconf 92' lang='lat' dir='ltr'><strong>hoc</strong></span> <span class='ocrx_word' id='word_1_88' title='bbox 703 1915 844 1981; x_wconf 85' lang='lat' dir='ltr'><strong>maxime,</strong></span> <span class='ocrx_word' id='word_1_89' title='bbox 868 1918 902 1969; x_wconf 92' lang='lat' dir='ltr'><strong>ut</strong></span> <span class='ocrx_word' id='word_1_90' title='bbox 922 1911 1101 1986; x_wconf 77' lang='lat' dir='ltr'><strong>dispicereS,</strong></span> 
     </span>
     <span class='ocr_line' id='line_1_16' title="bbox 191 2006 543 2084; baseline 0.003 -20"><span class='ocrx_word' id='word_1_91' title='bbox 191 2007 263 2084; x_wconf 92' lang='lat' dir='ltr'><strong>quid</strong></span> <span class='ocrx_word' id='word_1_92' title='bbox 278 2006 391 2082; x_wconf 89' lang='lat' dir='ltr'><strong>eligere</strong></span> <span class='ocrx_word' id='word_1_93' title='bbox 407 2007 543 2066; x_wconf 87' lang='lat' dir='ltr'><strong>debeam.</strong></span> 
     </span>
    </p>
   </div>
   <div class='ocr_carea' id='block_1_5' title="bbox 582 2199 759 2284">
    <p class='ocr_par' dir='ltr' id='par_1_5' title="bbox 582 2199 759 2284">
     <span class='ocr_line' id='line_1_17' title="bbox 582 2199 759 2284; baseline 0.011 -29"><span class='ocrx_word' id='word_1_94' title='bbox 582 2199 711 2258; x_wconf 74' lang='lat' dir='ltr'><strong>cxxvi</strong></span> <span class='ocrx_word' id='word_1_95' title='bbox 751 2269 759 2284; x_wconf 48' lang='lat'>‚</span> 
     </span>
    </p>
   </div>
   <div class='ocr_carea' id='block_1_6' title="bbox 503 2358 784 2416">
    <p class='ocr_par' dir='ltr' id='par_1_6' title="bbox 503 2358 784 2416">
     <span class='ocr_line' id='line_1_18' title="bbox 503 2358 784 2416; baseline 0 -2"><span class='ocrx_word' id='word_1_96' title='bbox 503 2358 658 2416; x_wconf 71' lang='lat' dir='ltr'><strong>Turrinus</strong></span> <span class='ocrx_word' id='word_1_97' title='bbox 680 2359 784 2416; x_wconf 81' lang='lat' dir='ltr'><strong>Pmruo</strong></span> 
     </span>
    </p>
   </div>
   <div class='ocr_carea' id='block_1_7' title="bbox 231 2514 1102 2595">
    <p class='ocr_par' dir='ltr' id='par_1_7' title="bbox 231 2514 1102 2595">
     <span class='ocr_line' id='line_1_19' title="bbox 231 2514 1102 2595; baseline 0.007 -25"><span class='ocrx_word' id='word_1_98' title='bbox 231 2514 332 2572; x_wconf 83' lang='lat' dir='ltr'><strong>lomus</strong></span> <span class='ocrx_word' id='word_1_99' title='bbox 354 2515 474 2572; x_wconf 75' lang='lat' dir='ltr'><strong>Lirinus</strong></span> <span class='ocrx_word' id='word_1_100' title='bbox 495 2515 587 2573; x_wconf 85' lang='lat' dir='ltr'><strong>fidem</strong></span> <span class='ocrx_word' id='word_1_101' title='bbox 607 2525 703 2588; x_wconf 89' lang='lat' dir='ltr'><strong>tuam,</strong></span> <span class='ocrx_word' id='word_1_102' title='bbox 721 2520 806 2595; x_wconf 87' lang='lat' dir='ltr'><strong>quasi</strong></span> <span class='ocrx_word' id='word_1_103' title='bbox 827 2523 860 2574; x_wconf 88' lang='lat' dir='ltr'><strong>te</strong></span> <span class='ocrx_word' id='word_1_104' title='bbox 881 2516 962 2574; x_wconf 90' lang='lat' dir='ltr'><strong>bene</strong></span> <span class='ocrx_word' id='word_1_105' title='bbox 982 2526 1102 2589; x_wconf 90' lang='lat' dir='ltr'><strong>nosset,</strong></span> 
     </span>
    </p>
   </div>
   <div class='ocr_carea' id='block_1_8' title="bbox 190 2622 1103 3019">
    <p class='ocr_par' dir='ltr' id='par_1_8' title="bbox 190 2622 1103 3019">
     <span class='ocr_line' id='line_1_20' title="bbox 190 2622 1102 2701; baseline 0.008 -22"><span class='ocrx_word' id='word_1_106' title='bbox 190 2622 293 2699; x_wconf 83' lang='lat' dir='ltr'><strong>elegit</strong></span> <span class='ocrx_word' id='word_1_107' title='bbox 350 2622 433 2695; x_wconf 82' lang='lat' dir='ltr'><strong>Quid</strong></span> <span class='ocrx_word' id='word_1_108' title='bbox 468 2643 541 2701; x_wconf 86' lang='lat' dir='ltr'><strong>crgo</strong></span> <span class='ocrx_word' id='word_1_109' title='bbox 572 2627 762 2699; x_wconf 90' lang='lat' dir='ltr'><strong>potissimum</strong></span> <span class='ocrx_word' id='word_1_110' title='bbox 788 2624 827 2681; x_wconf 84' lang='lat' dir='ltr'><strong>ad</strong></span> <span class='ocrx_word' id='word_1_111' title='bbox 855 2628 1102 2700; x_wconf 86' lang='lat' dir='ltr'><strong>perpetuitatem</strong></span> 
     </span>
     <span class='ocr_line' id='line_1_21' title="bbox 191 2729 1102 2806; baseline 0.003 -20"><span class='ocrx_word' id='word_1_112' title='bbox 191 2732 352 2786; x_wconf 87' lang='lat' dir='ltr'><strong>memoriae</strong></span> <span class='ocrx_word' id='word_1_113' title='bbox 381 2733 445 2786; x_wconf 93' lang='lat' dir='ltr'><strong>eius</strong></span> <span class='ocrx_word' id='word_1_114' title='bbox 469 2729 569 2800; x_wconf 85' lang='lat' dir='ltr'><strong>faciat,</strong></span> <span class='ocrx_word' id='word_1_115' title='bbox 588 2730 755 2787; x_wconf 91' lang='lat' dir='ltr'><strong>secundum</strong></span> <span class='ocrx_word' id='word_1_116' title='bbox 777 2733 923 2806; x_wconf 90' lang='lat' dir='ltr'><strong>cuiusque</strong></span> <span class='ocrx_word' id='word_1_117' title='bbox 945 2730 1004 2787; x_wconf 92' lang='lat' dir='ltr'><strong>loci</strong></span> <span class='ocrx_word' id='word_1_118' title='bbox 1026 2751 1102 2789; x_wconf 91' lang='lat' dir='ltr'><strong>con-</strong></span> 
     </span>
     <span class='ocr_line' id='line_1_22' title="bbox 190 2835 1103 2914; baseline 0.004 -21"><span class='ocrx_word' id='word_1_119' title='bbox 190 2835 341 2900; x_wconf 90' lang='lat' dir='ltr'><strong>dicionem</strong></span> <span class='ocrx_word' id='word_1_120' title='bbox 355 2839 419 2912; x_wconf 92' lang='lat' dir='ltr'><strong>ipse</strong></span> <span class='ocrx_word' id='word_1_121' title='bbox 431 2836 556 2912; x_wconf 87' lang='lat' dir='ltr'><strong>dispice,</strong></span> <span class='ocrx_word' id='word_1_122' title='bbox 568 2845 601 2895; x_wconf 90' lang='lat' dir='ltr'><strong>et</strong></span> <span class='ocrx_word' id='word_1_123' title='bbox 612 2837 692 2914; x_wconf 92' lang='lat' dir='ltr'><strong>quod</strong></span> <span class='ocrx_word' id='word_1_124' title='bbox 704 2841 854 2913; x_wconf 91' lang='lat' dir='ltr'><strong>optimum</strong></span> <span class='ocrx_word' id='word_1_125' title='bbox 867 2841 1103 2911; x_wconf 79' lang='lat' dir='ltr'><strong>existimaveriS,</strong></span> 
     </span>
     <span class='ocr_line' id='line_1_23' title="bbox 190 2962 325 3019; baseline -0.015 -19"><span class='ocrx_word' id='word_1_126' title='bbox 190 2962 325 3019; x_wconf 89' lang='lat' dir='ltr'><strong>sequere.</strong></span> 
     </span>
    </p>
   </div>
   <div class='ocr_carea' id='block_1_9' title="bbox 237 3220 251 3272">
    <p class='ocr_par' dir='ltr' id='par_1_9' title="bbox 237 3220 251 3272">
     <span class='ocr_line' id='line_1_24' title="bbox 237 3220 251 3272; baseline 0 0"><span class='ocrx_word' id='word_1_127' title='bbox 237 3220 251 3272; x_wconf 71' lang='lat'>5</span> 
     </span>
    </p>
   </div>
   <div class='ocr_carea' id='block_1_10' title="bbox 0 0 1178 3686">
    <p class='ocr_par' dir='ltr' id='par_1_10' title="bbox 0 0 1178 3686">
     <span class='ocr_line' id='line_1_25' title="bbox 0 0 1178 3686; baseline 0 0"><span class='ocrx_word' id='word_1_128' title='bbox 0 0 1178 3686; x_wconf 95' lang='lat' dir='ltr'><strong> </strong></span> 
     </span>
    </p>
   </div>
  </div>
 </body>
</html>
