2352 3802
346 389 435 447 THE
464 389 646 447 LETTERS
675 388 730 448 OF
761 389 886 447 PLINY

164 556 374 605 commeatum.
434 547 503 604 Nou
538 556 586 606 est
613 555 717 605 autem
746 546 955 624 simplicitatis
983 564 1072 602 meae

164 662 352 719 dissimulare
366 662 447 738 apud
462 664 632 720 bonitatem
646 669 731 720 tuam
745 663 845 720 obiter
858 663 898 718 te'
907 659 1071 737 plurimum

163 777 343 836 collaturum
356 778 540 836 utilitatibus
553 783 598 836 rei
612 777 766 835 familiaris
779 797 874 835 meae.
918 776 1071 852 Agrorum

164 896 255 963 enim,
277 912 351 969 quos
372 897 404 949 in
429 892 536 950 eadem
558 897 684 969 regione
706 891 856 968 possideo,
869 890 979 947 locatio
1000 893 1071 945 cu'm

163 1007 275 1084 alioqui
303 1026 372 1064 cccc
400 1007 538 1078 excedat,
561 1007 639 1064 adeo
667 1026 730 1063 non
758 1013 861 1082 potest
888 1003 1010 1074 differri,
1034 1011 1072 1059 ut

164 1125 330 1197 proximam
351 1127 541 1198 putationem
563 1141 658 1180 novus
679 1122 804 1179 colonus
824 1120 926 1178 facere
946 1119 1068 1177 debeat.

164 1236 324 1295 Praeterea
339 1241 499 1296 continuae
511 1238 816 1314 sterilitatescogunt
825 1257 875 1293 me
886 1236 925 1293 de
940 1239 1071 1292 remissi-

163 1354 270 1411 onibus
284 1357 417 1429 cogitare
430 1373 438 1421 ;
459 1373 585 1431 quarum
600 1337 748 1412 ratiobem
764 1357 821 1410 nisi
835 1370 977 1428 praeseus
992 1353 1071 1407 inire

163 1487 225 1523 non
239 1486 368 1543 possum.

205 1581 333 1641 Debebo
348 1602 430 1660 ergo,
445 1583 578 1654 domine,
592 1583 802 1660 indulgentiae
817 1590 888 1640 tuae
903 1590 936 1640 et
945 1585 1070 1659 pietatis

162 1719 249 1757 meae
264 1693 453 1758 celeritatem
475 1708 507 1757 et
521 1709 618 1758 status
638 1700 872 1770 ordinationem,
886 1703 912 1756 si
932 1698 1007 1756 mihi
1028 1701 1070 1757 ob

162 1823 289 1894 utraque
303 1815 379 1873 haec
387 1815 507 1874 dederis
518 1823 720 1873 commeatum
730 1834 788 1872 xxx
803 1813 928 1873 dierum.
960 1814 1071 1891 Neque

162 1935 244 1989 enim
271 1936 429 2009 angustius
456 1939 578 2008 tempus
606 1931 765 2008 praefinire
786 1950 918 2008 possum,
941 1949 1010 1988 cum
1036 1938 1071 1989 et

162 2053 359 2126 municipium
388 2056 420 2106 et
447 2052 523 2125 agri,
550 2047 590 2105 de
618 2048 727 2125 quibus
754 2048 870 2125 loquor,
899 2052 960 2105 sint
988 2047 1072 2104 ultra

162 2176 362 2230 centesimum
376 2179 409 2230 et
422 2175 706 2248 quinquagesimum
720 2170 861 2247 lapidem.

589 2389 634 2446 IX

471 2531 627 2588 Tauranus
651 2530 755 2588 Ptrnro

201 2689 247 2746 Ετ
275 2690 427 2766 privatasl
453 2689 565 2747 multas
595 2699 628 2747 et
659 2709 765 2747 omnes
796 2687 931 2766 publicas
963 2709 1070 2746 causas

160 2796 286 2871 petendi
301 2803 486 2853 commeatus
507 2795 688 2864 reddidisti;
709 2795 784 2853 mihi
805 2803 908 2853 autem
933 2795 983 2852 vel
1005 2795 1071 2853 sola

160 2902 300 2960 voluntas
313 2911 367 2960 tua
390 2903 564 2962 suffecisset.
608 2904 718 2981 Neque
743 2908 825 2961 enim
845 2904 953 2961 dubito
973 2912 1017 2974 te,
1032 2912 1071 2961 ut

159 3012 288 3084 primum
310 3015 455 3085 potueris
470 3010 508 3067 ad
533 3019 596 3068 tam
619 3011 791 3069 districtum
816 3011 943 3068 officium
967 3029 1071 3068 rever-

159 3136 270 3174 surum.
313 3117 452 3174 Statuam
468 3122 539 3194 poni
554 3118 629 3174 mihi
651 3139 669 3174 a
693 3126 726 3175 te
749 3138 796 3188 eo,
818 3137 878 3195 quo
902 3117 1070 3189 desideras,

446 3231 454 3260 ¹
473 3232 591 3295 privatas
602 3234 666 3283 add.
682 3232 775 3282 Oataa.

163 3323 220 3378 288
232 3355 234 3358 ·
