<?xml version="1.0" encoding="UTF-8"?>
<!DOCTYPE html PUBLIC "-//W3C//DTD XHTML 1.0 Transitional//EN"
    "http://www.w3.org/TR/xhtml1/DTD/xhtml1-transitional.dtd">
<html xmlns="http://www.w3.org/1999/xhtml" xml:lang="en" lang="en">
 <head>
  <title>
</title>
<meta http-equiv="Content-Type" content="text/html;charset=utf-8" />
  <meta name='ocr-system' content='tesseract 3.04.00' />
  <meta name='ocr-capabilities' content='ocr_page ocr_carea ocr_par ocr_line ocrx_word'/>
</head>
<body>
  <div class='ocr_page' id='page_1' title='image "./letters00hutcgoog/letters00hutcgoog_0255.png"; bbox 0 0 2362 3794; ppageno 0'>
   <div class='ocr_carea' id='block_1_1' title="bbox 378 377 918 439">
    <p class='ocr_par' dir='ltr' id='par_1_1' title="bbox 378 377 918 439">
     <span class='ocr_line' id='line_1_1' title="bbox 378 377 918 439; baseline 0.007 -6"><span class='ocrx_word' id='word_1_1' title='bbox 378 377 467 439; x_wconf 88' lang='lat' dir='ltr'>THE</span> <span class='ocrx_word' id='word_1_2' title='bbox 497 378 680 436; x_wconf 71' lang='lat' dir='ltr'>LETTERS</span> <span class='ocrx_word' id='word_1_3' title='bbox 709 378 764 436; x_wconf 88' lang='lat' dir='ltr'>OF</span> <span class='ocrx_word' id='word_1_4' title='bbox 791 379 918 437; x_wconf 89' lang='lat' dir='ltr'>PLlNY</span> 
     </span>
    </p>
   </div>
   <div class='ocr_carea' id='block_1_2' title="bbox 193 537 1103 993">
    <p class='ocr_par' dir='ltr' id='par_1_2' title="bbox 193 537 1103 993">
     <span class='ocr_line' id='line_1_2' title="bbox 194 537 1103 612; baseline 0 -14"><span class='ocrx_word' id='word_1_5' title='bbox 194 544 309 600; x_wconf 85' lang='lat' dir='ltr'>artibus</span> <span class='ocrx_word' id='word_1_6' title='bbox 334 537 488 602; x_wconf 78' lang='lat' dir='ltr'>excusatio</span> <span class='ocrx_word' id='word_1_7' title='bbox 509 547 541 599; x_wconf 93' lang='lat' dir='ltr'>in</span> <span class='ocrx_word' id='word_1_8' title='bbox 566 558 701 610; x_wconf 84' lang='lat' dir='ltr'>numero,</span> <span class='ocrx_word' id='word_1_9' title='bbox 724 539 835 597; x_wconf 86' lang='lat' dir='ltr'>litteris</span> <span class='ocrx_word' id='word_1_10' title='bbox 859 540 961 598; x_wconf 89' lang='lat' dir='ltr'>durior</span> <span class='ocrx_word' id='word_1_11' title='bbox 983 540 1045 612; x_wconf 87' lang='lat' dir='ltr'>lex,</span> <span class='ocrx_word' id='word_1_12' title='bbox 1070 546 1103 598; x_wconf 91' lang='lat' dir='ltr'>in</span> 
     </span>
     <span class='ocr_line' id='line_1_3' title="bbox 195 663 1102 743; baseline 0.001 -21"><span class='ocrx_word' id='word_1_13' title='bbox 195 667 303 743; x_wconf 93' lang='lat' dir='ltr'>quibus</span> <span class='ocrx_word' id='word_1_14' title='bbox 325 667 472 725; x_wconf 83' lang='lat' dir='ltr'>difficilior</span> <span class='ocrx_word' id='word_1_15' title='bbox 486 667 611 724; x_wconf 85' lang='lat' dir='ltr'>effectus</span> <span class='ocrx_word' id='word_1_16' title='bbox 632 665 703 721; x_wconf 86' lang='lat' dir='ltr'>est?</span> <span class='ocrx_word' id='word_1_17' title='bbox 745 663 828 736; x_wconf 86' lang='lat' dir='ltr'>Quid</span> <span class='ocrx_word' id='word_1_18' title='bbox 851 673 955 722; x_wconf 88' lang='lat' dir='ltr'>autem</span> <span class='ocrx_word' id='word_1_19' title='bbox 981 685 1040 742; x_wconf 85' lang='lat' dir='ltr'>ego</span> <span class='ocrx_word' id='word_1_20' title='bbox 1062 666 1102 723; x_wconf 89' lang='lat' dir='ltr'>de</span> 
     </span>
     <span class='ocr_line' id='line_1_4' title="bbox 193 789 1102 868; baseline -0.001 -22"><span class='ocrx_word' id='word_1_21' title='bbox 193 794 282 846; x_wconf 92' lang='lat' dir='ltr'>venia</span> <span class='ocrx_word' id='word_1_22' title='bbox 302 795 387 868; x_wconf 86' lang='lat' dir='ltr'>quasi</span> <span class='ocrx_word' id='word_1_23' title='bbox 404 793 562 868; x_wconf 85' lang='lat' dir='ltr'>ingratus?</span> <span class='ocrx_word' id='word_1_24' title='bbox 605 791 693 860; x_wconf 86' lang='lat' dir='ltr'>Nam,</span> <span class='ocrx_word' id='word_1_25' title='bbox 708 794 731 847; x_wconf 91' lang='lat' dir='ltr'>si</span> <span class='ocrx_word' id='word_1_26' title='bbox 747 809 782 846; x_wconf 90' lang='lat' dir='ltr'>ea</span> <span class='ocrx_word' id='word_1_27' title='bbox 796 789 942 846; x_wconf 75' lang='lat' dir='ltr'><strong>facilitate</strong></span> <span class='ocrx_word' id='word_1_28' title='bbox 964 793 1102 866; x_wconf 87' lang='lat' dir='ltr'>proxima</span> 
     </span>
     <span class='ocr_line' id='line_1_5' title="bbox 193 913 1101 993; baseline -0.001 -23"><span class='ocrx_word' id='word_1_29' title='bbox 193 919 345 992; x_wconf 89' lang='lat' dir='ltr'>acceperis</span> <span class='ocrx_word' id='word_1_30' title='bbox 380 936 439 993; x_wconf 93' lang='lat' dir='ltr'>qua</span> <span class='ocrx_word' id='word_1_31' title='bbox 472 920 579 993; x_wconf 87' lang='lat' dir='ltr'>priora,</span> <span class='ocrx_word' id='word_1_32' title='bbox 611 915 675 971; x_wconf 92' lang='lat' dir='ltr'>laus</span> <span class='ocrx_word' id='word_1_33' title='bbox 703 919 804 990; x_wconf 90' lang='lat' dir='ltr'>potius</span> <span class='ocrx_word' id='word_1_34' title='bbox 832 913 983 990; x_wconf 83' lang='lat' dir='ltr'>speranda</span> <span class='ocrx_word' id='word_1_35' title='bbox 1009 933 1101 990; x_wconf 88' lang='lat' dir='ltr'>quarn</span> 
     </span>
    </p>
   </div>
   <div class='ocr_carea' id='block_1_3' title="bbox 193 1039 1099 1098">
    <p class='ocr_par' dir='ltr' id='par_1_3' title="bbox 193 1039 1099 1098">
     <span class='ocr_line' id='line_1_6' title="bbox 193 1039 1099 1098; baseline 0.001 -3"><span class='ocrx_word' id='word_1_36' title='bbox 193 1043 281 1096; x_wconf 90' lang='lat' dir='ltr'>venia</span> <span class='ocrx_word' id='word_1_37' title='bbox 308 1039 493 1098; x_wconf 86' lang='lat' dir='ltr'>obsecranda</span> <span class='ocrx_word' id='word_1_38' title='bbox 507 1048 562 1098; x_wconf 90' lang='lat' dir='ltr'>est.</span> <span class='ocrx_word' id='word_1_39' title='bbox 607 1039 684 1096; x_wconf 88' lang='lat' dir='ltr'>Mihi</span> <span class='ocrx_word' id='word_1_40' title='bbox 719 1047 823 1097; x_wconf 89' lang='lat' dir='ltr'>tamen</span> <span class='ocrx_word' id='word_1_41' title='bbox 858 1042 946 1096; x_wconf 89' lang='lat' dir='ltr'>venia</span> <span class='ocrx_word' id='word_1_42' title='bbox 980 1039 1099 1097; x_wconf 86' lang='lat' dir='ltr'>sufficit.</span> 
     </span>
    </p>
   </div>
   <div class='ocr_carea' id='block_1_4' title="bbox 193 1161 276 1220">
    <p class='ocr_par' dir='ltr' id='par_1_4' title="bbox 193 1161 276 1220">
     <span class='ocr_line' id='line_1_7' title="bbox 193 1161 276 1220; baseline 0.024 -2"><span class='ocrx_word' id='word_1_43' title='bbox 193 1161 276 1220; x_wconf 86' lang='lat' dir='ltr'>Vale.</span> 
     </span>
    </p>
   </div>
   <div class='ocr_carea' id='block_1_5' title="bbox 414 1321 871 1520">
    <p class='ocr_par' dir='ltr' id='par_1_5' title="bbox 414 1321 871 1520">
     <span class='ocr_line' id='line_1_8' title="bbox 596 1321 686 1378; baseline 0 0"><span class='ocrx_word' id='word_1_44' title='bbox 596 1321 686 1378; x_wconf 86' lang='lat' dir='ltr'>XXX</span> 
     </span>
     <span class='ocr_line' id='line_1_9' title="bbox 414 1461 871 1520; baseline -0.004 0"><span class='ocrx_word' id='word_1_45' title='bbox 414 1463 445 1520; x_wconf 90' lang='lat' dir='ltr'>C.</span> <span class='ocrx_word' id='word_1_46' title='bbox 472 1463 590 1520; x_wconf 74' lang='lat' dir='ltr'>Pramus</span> <span class='ocrx_word' id='word_1_47' title='bbox 612 1463 736 1519; x_wconf 84' lang='lat' dir='ltr'>Gauruo</span> <span class='ocrx_word' id='word_1_48' title='bbox 760 1461 820 1519; x_wconf 90' lang='lat' dir='ltr'>Suo</span> <span class='ocrx_word' id='word_1_49' title='bbox 842 1461 871 1519; x_wconf 85' lang='lat' dir='ltr'>S.</span> 
     </span>
    </p>
   </div>
   <div class='ocr_carea' id='block_1_6' title="bbox 189 1603 1097 1932">
    <p class='ocr_par' dir='ltr' id='par_1_6' title="bbox 189 1603 1097 1932">
     <span class='ocr_line' id='line_1_10' title="bbox 232 1603 1097 1681; baseline -0.001 -19"><span class='ocrx_word' id='word_1_50' title='bbox 232 1605 353 1663; x_wconf 77' lang='lat' dir='ltr'>Lsunss</span> <span class='ocrx_word' id='word_1_51' title='bbox 388 1605 462 1662; x_wconf 91' lang='lat' dir='ltr'>mihi</span> <span class='ocrx_word' id='word_1_52' title='bbox 497 1613 529 1662; x_wconf 92' lang='lat' dir='ltr'>et</span> <span class='ocrx_word' id='word_1_53' title='bbox 563 1603 741 1681; x_wconf 86' lang='lat' dir='ltr'>frequenter</span> <span class='ocrx_word' id='word_1_54' title='bbox 775 1622 918 1678; x_wconf 88' lang='lat' dir='ltr'>praesens</span> <span class='ocrx_word' id='word_1_55' title='bbox 947 1612 980 1661; x_wconf 91' lang='lat' dir='ltr'>et</span> <span class='ocrx_word' id='word_1_56' title='bbox 1015 1625 1097 1661; x_wconf 88' lang='lat' dir='ltr'>nunc</span> 
     </span>
     <span class='ocr_line' id='line_1_11' title="bbox 189 1726 1097 1810; baseline -0.007 -20"><span class='ocrx_word' id='word_1_57' title='bbox 189 1752 245 1810; x_wconf 90' lang='lat' dir='ltr'>per</span> <span class='ocrx_word' id='word_1_58' title='bbox 269 1731 413 1807; x_wconf 83' lang='lat' dir='ltr'>epistulas</span> <span class='ocrx_word' id='word_1_59' title='bbox 441 1731 574 1789; x_wconf 89' lang='lat' dir='ltr'>Nonium</span> <span class='ocrx_word' id='word_1_60' title='bbox 602 1736 699 1798; x_wconf 87' lang='lat' dir='ltr'>tuum,</span> <span class='ocrx_word' id='word_1_61' title='bbox 727 1727 809 1804; x_wconf 92' lang='lat' dir='ltr'>quod</span> <span class='ocrx_word' id='word_1_62' title='bbox 837 1730 877 1785; x_wconf 86' lang='lat' dir='ltr'>sit</span> <span class='ocrx_word' id='word_1_63' title='bbox 903 1726 1037 1785; x_wconf 87' lang='lat' dir='ltr'>liberalis</span> <span class='ocrx_word' id='word_1_64' title='bbox 1064 1731 1097 1784; x_wconf 90' lang='lat' dir='ltr'>in</span> 
     </span>
     <span class='ocr_line' id='line_1_12' title="bbox 190 1851 1095 1932; baseline -0.002 -20"><span class='ocrx_word' id='word_1_65' title='bbox 190 1855 343 1932; x_wconf 90' lang='lat' dir='ltr'>quosdam.</span> <span class='ocrx_word' id='word_1_66' title='bbox 401 1854 442 1912; x_wconf 84' lang='lat' dir='ltr'>Et</span> <span class='ocrx_word' id='word_1_67' title='bbox 475 1858 540 1930; x_wconf 91' lang='lat' dir='ltr'>ipse</span> <span class='ocrx_word' id='word_1_68' title='bbox 575 1851 675 1922; x_wconf 90' lang='lat' dir='ltr'>laudo,</span> <span class='ocrx_word' id='word_1_69' title='bbox 703 1855 728 1908; x_wconf 93' lang='lat' dir='ltr'>si</span> <span class='ocrx_word' id='word_1_70' title='bbox 756 1859 860 1908; x_wconf 85' lang='lat' dir='ltr'>tamen</span> <span class='ocrx_word' id='word_1_71' title='bbox 891 1869 954 1908; x_wconf 89' lang='lat' dir='ltr'>non</span> <span class='ocrx_word' id='word_1_72' title='bbox 980 1855 1013 1908; x_wconf 91' lang='lat' dir='ltr'>in</span> <span class='ocrx_word' id='word_1_73' title='bbox 1042 1851 1095 1910; x_wconf 93' lang='lat' dir='ltr'>hos</span> 
     </span>
    </p>
   </div>
   <div class='ocr_carea' id='block_1_7' title="bbox 189 1975 1096 2054">
    <p class='ocr_par' dir='ltr' id='par_1_7' title="bbox 189 1975 1096 2054">
     <span class='ocr_line' id='line_1_13' title="bbox 189 1975 1096 2054; baseline -0.004 -18"><span class='ocrx_word' id='word_1_74' title='bbox 189 1979 275 2038; x_wconf 85' lang='lat' dir='ltr'>solos</span> <span class='ocrx_word' id='word_1_75' title='bbox 318 1978 395 2037; x_wconf 93' lang='lat' dir='ltr'>Volo</span> <span class='ocrx_word' id='word_1_76' title='bbox 422 1982 503 2035; x_wconf 90' lang='lat' dir='ltr'>enim</span> <span class='ocrx_word' id='word_1_77' title='bbox 533 1997 613 2046; x_wconf 89' lang='lat' dir='ltr'>eum,</span> <span class='ocrx_word' id='word_1_78' title='bbox 640 1980 693 2054; x_wconf 91' lang='lat' dir='ltr'>qui</span> <span class='ocrx_word' id='word_1_79' title='bbox 721 1979 761 2034; x_wconf 88' lang='lat' dir='ltr'>sit</span> <span class='ocrx_word' id='word_1_80' title='bbox 789 1995 859 2034; x_wconf 91' lang='lat' dir='ltr'>vere</span> <span class='ocrx_word' id='word_1_81' title='bbox 880 1975 1023 2047; x_wconf 87' lang='lat' dir='ltr'>liberalis,</span> <span class='ocrx_word' id='word_1_82' title='bbox 1048 1981 1096 2034; x_wconf 86' lang='lat' dir='ltr'>tri-</span> 
     </span>
    </p>
   </div>
   <div class='ocr_carea' id='block_1_8' title="bbox 188 2099 1095 2180">
    <p class='ocr_par' dir='ltr' id='par_1_8' title="bbox 188 2099 1095 2180">
     <span class='ocr_line' id='line_1_14' title="bbox 188 2099 1095 2180; baseline -0.006 -17"><span class='ocrx_word' id='word_1_83' title='bbox 188 2106 282 2163; x_wconf 89' lang='lat' dir='ltr'>buere</span> <span class='ocrx_word' id='word_1_84' title='bbox 316 2107 441 2180; x_wconf 82' lang='lat' dir='ltr'>patriae,</span> <span class='ocrx_word' id='word_1_85' title='bbox 476 2103 662 2179; x_wconf 76' lang='lat' dir='ltr'>propinquis,</span> <span class='ocrx_word' id='word_1_86' title='bbox 696 2099 855 2170; x_wconf 90' lang='lat' dir='ltr'>adfinibus,</span> <span class='ocrx_word' id='word_1_87' title='bbox 892 2102 1006 2170; x_wconf 87' lang='lat' dir='ltr'>amicis,</span> <span class='ocrx_word' id='word_1_88' title='bbox 1041 2100 1095 2158; x_wconf 89' lang='lat' dir='ltr'>sed</span> 
     </span>
    </p>
   </div>
   <div class='ocr_carea' id='block_1_9' title="bbox 189 2226 1150 2675">
    <p class='ocr_par' dir='ltr' id='par_1_9' title="bbox 189 2226 1150 2675">
     <span class='ocr_line' id='line_1_15' title="bbox 189 2226 1150 2304; baseline -0.004 -19"><span class='ocrx_word' id='word_1_89' title='bbox 189 2232 292 2285; x_wconf 85' lang='lat' dir='ltr'>amicis</span> <span class='ocrx_word' id='word_1_90' title='bbox 318 2226 387 2284; x_wconf 83' lang='lat' dir='ltr'>dico</span> <span class='ocrx_word' id='word_1_91' title='bbox 414 2227 606 2304; x_wconf 71' lang='lat' dir='ltr'>pauperibus</span> <span class='ocrx_word' id='word_1_92' title='bbox 629 2244 691 2282; x_wconf 90' lang='lat' dir='ltr'>non</span> <span class='ocrx_word' id='word_1_93' title='bbox 716 2233 751 2283; x_wconf 93' lang='lat' dir='ltr'>ut</span> <span class='ocrx_word' id='word_1_94' title='bbox 773 2228 833 2294; x_wconf 90' lang='lat' dir='ltr'>isti,</span> <span class='ocrx_word' id='word_1_95' title='bbox 858 2228 909 2301; x_wconf 93' lang='lat' dir='ltr'>qui</span> <span class='ocrx_word' id='word_1_96' title='bbox 937 2228 973 2282; x_wconf 90' lang='lat' dir='ltr'>iis</span> <span class='ocrx_word' id='word_1_97' title='bbox 1001 2229 1093 2301; x_wconf 89' lang='lat' dir='ltr'>potis·</span> <span class='ocrx_word' id='word_1_98' title='bbox 1149 2269 1150 2281; x_wconf 67' lang='grc'>,</span> 
     </span>
     <span class='ocr_line' id='line_1_16' title="bbox 189 2349 1093 2427; baseline -0.003 -19"><span class='ocrx_word' id='word_1_99' title='bbox 189 2355 298 2408; x_wconf 92' lang='lat' dir='ltr'>simum</span> <span class='ocrx_word' id='word_1_100' title='bbox 325 2351 450 2421; x_wconf 90' lang='lat' dir='ltr'>donant,</span> <span class='ocrx_word' id='word_1_101' title='bbox 476 2354 528 2427; x_wconf 92' lang='lat' dir='ltr'>qui</span> <span class='ocrx_word' id='word_1_102' title='bbox 553 2349 666 2407; x_wconf 89' lang='lat' dir='ltr'>donare</span> <span class='ocrx_word' id='word_1_103' title='bbox 691 2351 822 2405; x_wconf 84' lang='lat' dir='ltr'>maxime</span> <span class='ocrx_word' id='word_1_104' title='bbox 846 2356 982 2424; x_wconf 88' lang='lat' dir='ltr'>possunt.</span> <span class='ocrx_word' id='word_1_105' title='bbox 1028 2349 1093 2407; x_wconf 89' lang='lat' dir='ltr'>Hos</span> 
     </span>
     <span class='ocr_line' id='line_1_17' title="bbox 190 2472 1092 2550; baseline -0.001 -18"><span class='ocrx_word' id='word_1_106' title='bbox 190 2493 248 2550; x_wconf 84' lang='lat' dir='ltr'>ego</span> <span class='ocrx_word' id='word_1_107' title='bbox 271 2477 390 2532; x_wconf 87' lang='lat' dir='ltr'>viscatis</span> <span class='ocrx_word' id='word_1_108' title='bbox 410 2472 600 2550; x_wconf 86' lang='lat' dir='ltr'>hamatisque</span> <span class='ocrx_word' id='word_1_109' title='bbox 614 2473 790 2529; x_wconf 90' lang='lat' dir='ltr'>muneribus</span> <span class='ocrx_word' id='word_1_110' title='bbox 804 2491 867 2528; x_wconf 91' lang='lat' dir='ltr'>non</span> <span class='ocrx_word' id='word_1_111' title='bbox 880 2491 934 2529; x_wconf 90' lang='lat' dir='ltr'>sua</span> <span class='ocrx_word' id='word_1_112' title='bbox 954 2491 1092 2548; x_wconf 89' lang='lat' dir='ltr'>promere</span> 
     </span>
     <span class='ocr_line' id='line_1_18' title="bbox 189 2596 1146 2675; baseline -0.003 -19"><span class='ocrx_word' id='word_1_113' title='bbox 189 2605 273 2675; x_wconf 88' lang='lat' dir='ltr'>puto,</span> <span class='ocrx_word' id='word_1_114' title='bbox 303 2597 356 2655; x_wconf 91' lang='lat' dir='ltr'>sed</span> <span class='ocrx_word' id='word_1_115' title='bbox 391 2597 490 2654; x_wconf 90' lang='lat' dir='ltr'>aliena</span> <span class='ocrx_word' id='word_1_116' title='bbox 517 2601 676 2674; x_wconf 87' lang='lat' dir='ltr'>corripere.</span> <span class='ocrx_word' id='word_1_117' title='bbox 734 2596 813 2654; x_wconf 92' lang='lat' dir='ltr'>Sunt</span> <span class='ocrx_word' id='word_1_118' title='bbox 840 2600 965 2673; x_wconf 89' lang='lat' dir='ltr'>ingenio</span> <span class='ocrx_word' id='word_1_119' title='bbox 993 2598 1091 2667; x_wconf 87' lang='lat' dir='ltr'>simili,</span> <span class='ocrx_word' id='word_1_120' title='bbox 1145 2655 1146 2673; x_wconf 14' lang='grc' dir='ltr'>χ</span> 
     </span>
    </p>
   </div>
   <div class='ocr_carea' id='block_1_10' title="bbox 189 2719 1145 2869">
    <p class='ocr_par' dir='ltr' id='par_1_10' title="bbox 189 2719 1145 2869">
     <span class='ocr_line' id='line_1_19' title="bbox 189 2719 1145 2798; baseline -0.001 -19"><span class='ocrx_word' id='word_1_121' title='bbox 189 2725 251 2798; x_wconf 90' lang='lat' dir='ltr'>qui,</span> <span class='ocrx_word' id='word_1_122' title='bbox 286 2721 367 2798; x_wconf 91' lang='lat' dir='ltr'>quod</span> <span class='ocrx_word' id='word_1_123' title='bbox 401 2720 471 2778; x_wconf 89' lang='lat' dir='ltr'>huic</span> <span class='ocrx_word' id='word_1_124' title='bbox 506 2721 631 2791; x_wconf 89' lang='lat' dir='ltr'>donant,</span> <span class='ocrx_word' id='word_1_125' title='bbox 665 2720 809 2778; x_wconf 88' lang='lat' dir='ltr'>auferunt</span> <span class='ocrx_word' id='word_1_126' title='bbox 842 2720 886 2777; x_wconf 92' lang='lat' dir='ltr'>illi</span> <span class='ocrx_word' id='word_1_127' title='bbox 920 2719 1091 2798; x_wconf 88' lang='lat' dir='ltr'>famamque</span> <span class='ocrx_word' id='word_1_128' title='bbox 1144 2739 1145 2770; x_wconf 58' lang='lat' dir='ltr'>l</span> 
     </span>
     <span class='ocr_line' id='line_1_20' title="bbox 1143 2819 1144 2869; baseline 0 0"><span class='ocrx_word' id='word_1_129' title='bbox 1143 2819 1144 2869; x_wconf 90' lang='lat' dir='ltr'>l</span> 
     </span>
    </p>
   </div>
   <div class='ocr_carea' id='block_1_11' title="bbox 188 2968 1090 3045">
    <p class='ocr_par' dir='ltr' id='par_1_11' title="bbox 188 2915 1143 3063">
     <span class='ocr_line' id='line_1_21' title="bbox 188 2968 1090 3045; baseline 0 -19"><span class='ocrx_word' id='word_1_130' title='bbox 188 2989 242 3027; x_wconf 93' lang='lat' dir='ltr'>suo</span> <span class='ocrx_word' id='word_1_131' title='bbox 267 2987 332 3025; x_wconf 89' lang='lat' dir='ltr'>esse</span> <span class='ocrx_word' id='word_1_132' title='bbox 357 2975 546 3039; x_wconf 83' lang='lat' dir='ltr'>contentum,</span> <span class='ocrx_word' id='word_1_133' title='bbox 574 2968 697 3039; x_wconf 89' lang='lat' dir='ltr'>deinde,</span> <span class='ocrx_word' id='word_1_134' title='bbox 726 2989 800 3045; x_wconf 86' lang='lat' dir='ltr'>quos</span> <span class='ocrx_word' id='word_1_135' title='bbox 827 2973 989 3045; x_wconf 88' lang='lat' dir='ltr'>praecipue</span> <span class='ocrx_word' id='word_1_136' title='bbox 1018 2974 1090 3028; x_wconf 87' lang='lat' dir='ltr'>scias</span> 
     </span>
    </p>
   </div>
   <div class='ocr_carea' id='block_1_12' title="bbox 188 2845 1141 3170">
    <p class='ocr_par' dir='ltr' id='par_1_12' title="bbox 188 2845 1141 3170">
     <span class='ocr_line' id='line_1_22' title="bbox 188 2845 1090 2921; baseline 0.001 -18"><span class='ocrx_word' id='word_1_137' title='bbox 188 2846 378 2904; x_wconf 85' lang='lat' dir='ltr'>liberalitatis</span> <span class='ocrx_word' id='word_1_138' title='bbox 411 2849 535 2904; x_wconf 87' lang='lat' dir='ltr'>avaritia</span> <span class='ocrx_word' id='word_1_139' title='bbox 569 2853 688 2921; x_wconf 87' lang='lat' dir='ltr'>petunt.</span> <span class='ocrx_word' id='word_1_140' title='bbox 746 2845 877 2902; x_wconf 89' lang='lat' dir='ltr'>Primum</span> <span class='ocrx_word' id='word_1_141' title='bbox 913 2853 960 2903; x_wconf 87' lang='lat' dir='ltr'>est</span> <span class='ocrx_word' id='word_1_142' title='bbox 989 2855 1090 2904; x_wconf 88' lang='lat' dir='ltr'>autem</span> 
     </span>
     <span class='ocr_line' id='line_1_23' title="bbox 188 3089 1141 3170; baseline 0.004 -22"><span class='ocrx_word' id='word_1_143' title='bbox 188 3091 335 3167; x_wconf 84' lang='lat' dir='ltr'>indigere,</span> <span class='ocrx_word' id='word_1_144' title='bbox 364 3099 589 3149; x_wconf 87' lang='lat' dir='ltr'>sustentantem</span> <span class='ocrx_word' id='word_1_145' title='bbox 616 3092 832 3170; x_wconf 89' lang='lat' dir='ltr'>foventemque</span> <span class='ocrx_word' id='word_1_146' title='bbox 863 3093 936 3149; x_wconf 89' lang='lat' dir='ltr'>orbe</span> <span class='ocrx_word' id='word_1_147' title='bbox 960 3094 1089 3169; x_wconf 86' lang='lat' dir='ltr'>quodam</span> <span class='ocrx_word' id='word_1_148' title='bbox 1140 3089 1141 3161; x_wconf 83' lang='lat' dir='ltr'>l</span> 
     </span>
    </p>
   </div>
   <div class='ocr_carea' id='block_1_13' title="bbox 187 3215 1088 3390">
    <p class='ocr_par' dir='ltr' id='par_1_13' title="bbox 187 3215 1088 3390">
     <span class='ocr_line' id='line_1_24' title="bbox 187 3215 1088 3296; baseline 0.009 -27"><span class='ocrx_word' id='word_1_149' title='bbox 187 3217 339 3271; x_wconf 85' lang='lat' dir='ltr'>societatis</span> <span class='ocrx_word' id='word_1_150' title='bbox 352 3215 475 3272; x_wconf 88' lang='lat' dir='ltr'>ambire.</span> <span class='ocrx_word' id='word_1_151' title='bbox 520 3216 606 3287; x_wconf 86' lang='lat' dir='ltr'>Quae</span> <span class='ocrx_word' id='word_1_152' title='bbox 621 3224 731 3275; x_wconf 85' lang='lat' dir='ltr'>cuncta</span> <span class='ocrx_word' id='word_1_153' title='bbox 753 3221 778 3274; x_wconf 90' lang='lat' dir='ltr'>si</span> <span class='ocrx_word' id='word_1_154' title='bbox 802 3216 876 3275; x_wconf 83' lang='lat' dir='ltr'>facit</span> <span class='ocrx_word' id='word_1_155' title='bbox 889 3221 957 3288; x_wconf 89' lang='lat' dir='ltr'>iste,</span> <span class='ocrx_word' id='word_1_156' title='bbox 982 3237 1088 3296; x_wconf 90' lang='lat' dir='ltr'>usque·</span> 
     </span>
     <span class='ocr_line' id='line_1_25' title="bbox 189 3323 246 3390; baseline 0 -14"><span class='ocrx_word' id='word_1_157' title='bbox 189 3323 246 3390; x_wconf 87' lang='lat'>246</span> 
     </span>
    </p>
   </div>
   <div class='ocr_carea' id='block_1_14' title="bbox 0 0 1186 3794">
    <p class='ocr_par' dir='ltr' id='par_1_14' title="bbox 0 0 1186 3794">
     <span class='ocr_line' id='line_1_26' title="bbox 0 0 1186 3794; baseline 0 2"><span class='ocrx_word' id='word_1_158' title='bbox 0 0 1186 3794; x_wconf 95' lang='lat' dir='ltr'> </span> 
     </span>
    </p>
   </div>
  </div>
 </body>
</html>
