2352 3802
323 386 413 444 THE
442 385 625 444 LETTERS
654 387 709 444 OF
736 386 863 443 PLINY

540 620 646 678 XVIII

452 753 608 810 Tnsmnus
630 754 735 811 Pinuo

183 885 327 942 Cusanum
357 889 422 942 sine
451 884 575 962 querela
601 886 771 962 corpusculi
798 890 844 943 tui
870 895 902 944 et
926 896 1049 946 tuorum

142 983 301 1056 pervenire
315 983 348 1036 in
362 979 537 1056 Bithyniam
556 982 714 1056 potuisses,
736 1000 771 1036 ac
792 980 890 1038 simile
911 982 968 1039 tibi
989 986 1050 1039 iter
1151 998 1155 1037 r

141 1074 180 1131 ab
195 1072 317 1149 Epheso
332 1077 360 1130 ei
375 1077 560 1148 navigationi
574 1072 690 1145 fuisset,
700 1093 790 1151 quam
799 1081 943 1151 expertus
952 1095 1049 1153 usque
1151 1106 1155 1151 3

142 1168 194 1224 illo
209 1187 282 1224 eras.
327 1165 396 1238 Quo
415 1174 518 1224 autem
533 1166 583 1223 die
598 1168 787 1243 pervenisses
808 1172 840 1225 in
862 1168 1049 1246 Bithyniam,

143 1265 280 1337 cognovi,
309 1259 449 1318 Secunde
478 1264 639 1332 carissime,
666 1261 778 1319 litteris
812 1266 880 1320 tuis.
925 1262 1048 1320 Provin-

143 1355 243 1425 ciaIeS,
279 1354 380 1426 crede,
413 1363 608 1431 prospectum
636 1357 692 1413 sibi
723 1378 741 1413 a
776 1376 825 1414 me
852 1357 1046 1433 intellegent.
1118 1389 1121 1397 ·

144 1451 222 1506 Nam
251 1457 283 1507 et
307 1457 341 1506 tu
364 1449 449 1507 dabis
474 1469 607 1526 operam,
635 1458 670 1507 ut
697 1449 893 1508 manifestum
921 1455 961 1508 sit
988 1451 1049 1508 illis

143 1544 276 1601 electum
297 1551 329 1600 te
351 1562 427 1613 esse,
442 1547 494 1620 qui
508 1543 546 1600 ad
561 1544 684 1600 eosdem
705 1548 766 1601 mei
786 1544 852 1601 Ioco
873 1548 1047 1603 mittereris.
1154 1586 1157 1603 ι

145 1639 288 1695 Rationes
322 1645 426 1694 autem
454 1641 486 1693 in
514 1641 618 1714 primis
645 1639 702 1695 tibi
730 1658 831 1695 rerum
859 1638 1048 1715 publicarum

143 1732 344 1790 excutiendae
373 1739 462 1800 sunt3
490 1751 560 1789 nam
589 1739 623 1789 et
650 1750 716 1789 esse
745 1751 795 1790 eas
824 1742 947 1792 vexatas
974 1737 1050 1792 satis
1157 1784 1159 1805 ,

143 1834 270 1884 constat.
329 1826 486 1883 Mensores
521 1829 570 1882 vix
605 1830 698 1884 etiam
725 1830 761 1884 iis
789 1829 940 1903 operibus,
969 1847 1049 1905 quae

143 1930 196 1980 aut
218 1921 331 1979 Romae
345 1927 399 1978 aut
413 1923 445 1977 in
459 1924 596 1996 proximo
617 1920 704 1991 fiunt,
726 1921 908 1979 sufficientes
929 1921 1049 1990 habeo;

143 2015 197 2072 sed
231 2019 263 2071 in
298 2019 380 2072 omni
414 2017 568 2090 provincia
594 2019 801 2086 inveniuntur,
829 2017 937 2093 quibus
964 2015 1049 2073 credi

144 2113 247 2185 possit,
262 2117 295 2166 et
309 2108 378 2165 ideo
392 2129 454 2165 non
469 2108 600 2166 deerunt
613 2110 680 2179 tibi,
694 2109 785 2166 modo
800 2109 873 2168 velis
882 2109 1051 2187 diligenter

136 2209 295 2260 excutere.

322 2519 353 2576 C.
380 2519 499 2576 Pnnuus
519 2519 657 2576 Tnamuo
680 2519 868 2578 Iunnnsroni

185 2653 280 2724 R0o0,
311 2654 445 2724 domine,
480 2652 604 2711 consilio
639 2673 688 2710 me
724 2673 812 2730 regas
840 2653 1048 2712 haesitantem

144 2755 246 2805 utrum
270 2767 326 2824 per
353 2746 489 2822 publicos
517 2751 674 2805 civitatum
703 2767 813 2818 servos,
841 2747 922 2825 quod
951 2767 1050 2824 usque

143 2841 243 2898 adhuc
271 2840 395 2912 factum,
422 2861 462 2898 an
488 2861 543 2918 per
571 2840 683 2898 milites
711 2842 869 2899 adservare
896 2841 1051 2900 custodias

144 2936 282 2993 debeam.
326 2935 440 2993 Vereor
467 2940 558 3005 enim,
587 2955 626 2992 ne
655 2942 688 2992 et
709 2954 764 3011 per
788 2955 889 2992 servos
912 2935 1051 3011 publicos

144 3049 250 3106 parum
264 3029 395 3087 fideliter
408 3028 626 3100 custodiantur,
641 3037 674 3087 et
687 3049 749 3086 non
763 3034 907 3106 exiguum
915 3029 1051 3087 militum

147 3127 196 3198 *⁰-
207 3167 258 3214 For
270 3166 315 3215 the
326 3165 430 3230 playiul
441 3181 488 3214 usa
499 3165 527 3214 of
538 3165 716 3228 corprucutum
727 3165 760 3228 cs.
775 3165 810 3214 vi.
824 3168 847 3215 4.

178 3233 188 3263 ⁶
205 3231 296 3282 Slaves
308 3230 402 3280 owncd
415 3230 451 3294 by
461 3247 478 3280 a
489 3234 560 3280 stato
572 3247 602 3279 or
613 3230 669 3295 city
679 3246 750 3280 wore
761 3247 777 3280 a
789 3235 846 3281 sort
853 3230 881 3280 of
892 3231 986 3297 IIvcry,
994 3231 1051 3282 had

148 3343 205 3398 300
