2352 3802
341 377 431 434 THE
460 376 643 435 LETTERS
672 377 726 435 OF
756 378 882 435 PLlNY

159 536 260 594 locum
294 535 428 592 vindicat
467 535 618 594 Voconius
660 536 821 608 Romanus,
859 538 898 594 ab
937 541 1068 594 ineunte

159 650 261 700 aetate
276 642 497 719 condiscipulus
512 650 545 700 et
564 642 789 700 contubernalis
809 663 903 701 meus
946 643 1067 714 Quibus

159 770 197 807 ex
225 754 321 808 causis
343 757 376 808 et
397 770 415 806 a
437 750 507 807 divo
534 758 621 826 patre
648 757 703 807 tuo
731 754 887 826 petieram,
915 757 952 807 ut
978 750 1067 807 illum

159 861 191 913 in
225 856 441 932 amplissimum
476 856 614 914 ordinem
649 864 849 932 promoveret.
909 855 970 914 Sed
1006 855 1066 914 hoc

82 945 86 950 ¹
159 972 263 1022 votum
290 984 393 1022 meum
420 965 550 1022 bonitati
578 972 650 1022 tuae
678 971 864 1021 reservatum
901 971 958 1034 est,
994 967 1067 1040 quia

158 1079 256 1129 mater
285 1071 411 1128 Romani
438 1071 653 1128 liberalitatem
681 1074 812 1128 sestertii
840 1069 1066 1147 quadragiens)

158 1177 240 1255 quod
267 1176 406 1236 conferre
434 1197 467 1235 se
495 1177 555 1234 filio
584 1176 730 1234 codicillis
757 1177 797 1234 ad
826 1183 946 1253 patrem
973 1184 1065 1234 tuum
1158 1235 1159 1238 ,

158 1287 276 1361 scriptis
315 1283 450 1360 professa
489 1283 598 1354 fuerat,
638 1283 775 1340 nondum
814 1287 886 1341 satis
924 1283 1066 1360 legitime

158 1398 338 1467 peregerat3
373 1390 454 1468 quod
488 1398 595 1467 postea
629 1389 704 1447 fecit
734 1389 890 1447 admonita
918 1410 935 1446 a
965 1390 1063 1448 nobis.

158 1496 237 1553 Nam
272 1504 305 1554 et
340 1495 450 1556 fundos
486 1500 687 1573 emancipavit
716 1504 748 1554 et
777 1504 888 1567 cetera,
917 1516 995 1574 quae
1030 1500 1065 1554 in

158 1607 399 1680 emancipatione
413 1602 568 1680 implenda
582 1603 682 1661 solent
697 1607 787 1678 exigi,
803 1607 1030 1660 consummavit.

198 1709 274 1767 Cum
288 1713 328 1767 sit
343 1729 415 1786 ergo
429 1709 557 1780 finitum,
568 1709 649 1786 quod
663 1730 732 1786 spes
747 1718 863 1767 nostras
878 1711 1063 1780 morabatur,

157 1837 219 1875 non
242 1819 307 1874 sine
331 1835 442 1892 magna
463 1816 571 1874 fiducia
592 1817 735 1892 subsigno
749 1816 830 1892 apud
845 1824 878 1873 te
892 1815 984 1872 fidem
1008 1837 1064 1893 pro

156 1924 288 1980 moribus
329 1922 456 1978 Romani
494 1926 564 1992 mei,
605 1942 679 1999 quos
719 1930 751 1980 et
790 1921 925 1980 liberalia
962 1921 1065 1979 studia

157 2037 315 2100 exornant,
343 2036 376 2086 et
407 2032 516 2085 eximia
551 2032 658 2105 pietas,
693 2049 752 2106 qua
787 2036 819 2086 et
854 2029 931 2085 hanc
965 2033 1063 2105 ipsam

66 2126 77 2148 ”
156 2139 260 2193 matris
293 2134 507 2192 liberalitatem
536 2142 569 2192 et
603 2139 707 2192 statim
734 2139 828 2211 patris
856 2134 1063 2192 hereditatem
1158 2127 1159 2130 ¹

157 2249 189 2299 et
217 2227 412 2318 adoptiodem
440 2261 458 2296 a
485 2243 592 2297 vitrico
619 2245 739 2298 meruit.
792 2240 896 2316 Auget
923 2239 1000 2298 haec
1028 2250 1063 2299 et
1158 2231 1159 2268 ³

156 2347 303 2406 natalium
325 2356 357 2406 et
382 2356 576 2424 paternarum
599 2346 779 2406 facultatum
804 2348 965 2425 splend0r;
994 2354 1062 2426 qui-

156 2457 212 2514 bus
246 2456 372 2532 singulis
403 2456 534 2513 multum
571 2455 842 2513 commendationis
871 2475 1062 2513 accessurum

156 2567 248 2620 etiam
283 2581 321 2618 ex
348 2566 423 2619 meis
451 2564 591 2639 precibus
619 2561 830 2638 indulgentiae
858 2570 930 2619 tuae
958 2563 1059 2620 creda.

156 2670 240 2746 Rogo
269 2688 351 2744 ergo,
379 2668 512 2739 domine,
548 2676 583 2727 ut
617 2688 667 2726 me
702 2672 948 2746 exoptatissimae
982 2669 1061 2726 mihi

154 2774 364 2852 gratulationis
382 2783 554 2850 compotem
568 2775 660 2832 facias
682 2782 715 2832 et
736 2774 882 2846 honestis,
904 2783 939 2832 ut
960 2795 1061 2851 spero,

153 2880 324 2940 adfectibus
352 2885 427 2938 meis
455 2891 600 2958 praestes,
628 2891 663 2939 ut
691 2903 752 2941 non
781 2887 814 2940 in
841 2901 891 2940 me
926 2890 1060 2954 tantum,

154 3007 259 3046 verum
280 2996 312 3046 et
333 2991 364 3044 in
385 2992 482 3045 amico
502 2988 622 3064 gloriari
644 2990 762 3049 iudiciis
783 2994 843 3048 tuis
864 2993 983 3067 possim.

346 3117 354 3148 ¹
372 3118 547 3184 quadragiens
559 3120 592 3180 B,
605 3119 821 3186 quadringenties
833 3137 857 3170 a.
