2438 3790
411 365 499 424 THE
531 369 711 426 LETPERS
740 369 795 427 OF
824 368 950 427 PLINY

645 588 719 644 XIV

453 719 484 777 C.
503 719 625 776 Pmruus
640 720 786 777 Arus‘rom
803 720 864 779 Suo
880 721 908 778 S.

271 851 339 908 Cuu
355 857 394 910 sis
402 856 600 928 peritissimus
614 861 647 910 et
661 857 770 929 privati
781 858 852 911 iuris
867 861 900 911 et
913 853 1037 931 publici,
1051 858 1138 911 cuius

230 979 299 1035 pars
314 963 498 1016 senatorium
513 967 570 1030 est,
585 963 674 1035 cupio
698 979 736 1017 ex
759 969 791 1018 te
815 964 1005 1036 potissimum
1020 960 1137 1031 audire,

231 1070 391 1124 erraverim
406 1071 437 1122 in
460 1074 567 1123 senatu
589 1071 725 1142 proxime
739 1086 846 1138 necne,
862 1086 923 1124 non
944 1071 1032 1124 utin
1053 1087 1133 1143 prae-

230 1178 356 1232 teritum
372 1175 484 1250 (serum
505 1171 601 1252 enim)
622 1194 726 1230 verum
747 1177 834 1231 utin
855 1173 1001 1244 futurum,
1016 1177 1040 1230 si
1062 1173 1137 1250 quid

231 1280 328 1338 simile
348 1280 498 1351 inciderit,
519 1279 646 1338 erudiar.

273 1387 382 1445 Dices:
405 1387 482 1444 ‘Cur
496 1392 624 1464 quaeris,
639 1387 720 1465 quod
734 1407 821 1445 nosse
844 1388 977 1446 debebas
987 1389 1014 1444 ?’
1074 1389 1137 1444 Pri-

231 1515 316 1552 orum
352 1503 524 1570 temporum
561 1473 689 1552 seruitus
727 1503 762 1552 ut
797 1494 922 1556 aliarum
954 1499 1136 1572 optimarum

231 1605 341 1658 artium
366 1605 407 1658 sic
431 1605 523 1657 etiam
537 1601 610 1658 iuris
624 1606 767 1659 senatorii
788 1602 970 1660 oblivionem
984 1602 1136 1679 quandam

232 1715 264 1764 et
284 1711 486 1783 ignorantiam
504 1708 632 1765 induxit.
677 1708 796 1780 Quotus
818 1714 900 1767 enim
921 1714 1048 1787 quisque
1073 1717 1136 1766 tarn

231 1819 361 1892 patiens,
380 1823 415 1872 ut
436 1815 511 1873 velit
530 1816 656 1887 discere,
674 1816 756 1893 quod
778 1822 810 1873 in
832 1837 886 1874 usu
908 1837 969 1874 non
991 1821 1031 1874 sit
1051 1815 1136 1872 habi-

231 1924 338 1979 turus?
379 1921 479 1993 Adde,
508 1922 588 1999 quod
606 1922 736 1980 'difficile
765 1931 812 1980 est
838 1930 955 1994 tenere,
983 1941 1060 1999 quae
1087 1941 1136 1978 ac-

232 2032 357 2105 ceperis,
392 2031 450 2085 nisi
485 2048 633 2085 exerceas
698 2028 806 2105 Itaque
846 2028 972 2086 reducta
1012 2028 1136 2086 libertas

231 2135 321 2192 rudes
342 2154 397 2191 nos
412 2139 613 2211 etimperitos
628 2134 853 2210 deprehendit3
873 2139 957 2192 cuius
974 2133 1136 2192 dulcedine

231 2243 350 2296 accensi
364 2243 499 2316 cogimur
513 2241 661 2316 quaedam
676 2239 775 2297 facere
789 2248 861 2297 ante
876 2260 966 2317 quam
980 2260 1076 2298 nosse.

273 2347 347 2403 Erat
371 2354 474 2404 autem
495 2351 662 2444 antiquitus
682 2351 868 2418 institutum,
883 2355 918 2404 ut
938 2368 955 2403 a
976 2333 1136 2404 maioribus

232 2460 306 2509 natu
321 2471 383 2508 non
407 2455 528 2511 auribus
550 2454 649 2525 modo,
665 2474 769 2511 verum
793 2459 885 2511 etiarn
900 2453 993 2511 oculis
1007 2453 1136 2510 discere-

232 2579 309 2629 mus,
324 2579 401 2636 quae
426 2558 565 2617 facienda
587 2581 658 2618 mox
680 2565 737 2638 ipsi
762 2581 796 2617 ac
821 2579 876 2637 per
898 2565 977 2617 vices
992 2560 1136 2637 quasdam

232 2665 381 2722 tradenda
401 2669 566 2724 minoribus
587 2667 773 2725 haberemus
820 2667 896 2725 Inde
917 2667 1136 2725 adulescentuli

233 2777 336 2830 statim
359 2774 560 2832 castrensibus
582 2775 741 2850 stipendiis
769 2776 993 2845 imbuebantur,
1022 2783 1057 2832 ut
1085 2779 1136 2831 im-

233 2900 338 2956 perare
359 2881 503 2956 parendo,
519 2881 612 2938 duces
632 2901 733 2957 agere,
748 2883 820 2939 dum
836 2891 1013 2959 sequuntur,
1029 2883 1134 2940 adsue·

159 3005 199 3059 ,⁴
234 2995 364 3056 scerent,
392 2987 464 3044 inde
492 2987 621 3044 honores
655 2992 781 3063 petituri
815 2989 1003 3046 adsistebant
1037 2995 1135 3048 curiae

396 3164 408 3185 ‘¹
426 3154 496 3202 Tbat
507 3153 535 3203 of
547 3154 690 3204 Domitian.
856 3201 859 3206 .

398 3221 408 3250 ὁ
425 3218 463 3268 οη
477 3219 523 3268 the
534 3220 666 3268 accession
678 3219 706 3269 of
718 3219 816 3281 Nerva,
830 3223 862 3271 96
874 3236 927 3270 no.

239 3313 294 3367 126
