2362 3794
353 356 442 412 THE
471 354 654 411 LETTERS
683 353 738 413 OF
768 351 895 410 PLINY

171 515 253 592 quod
282 517 445 592 rogabatur
456 535 464 587 3
500 517 618 572 sinebat
650 514 732 572 fides.
791 515 883 572 Liber
910 522 1015 571 tamen
1044 522 1081 571 ut

171 631 285 688 factum
314 636 414 707 ipsum
441 638 554 700 manet,
583 631 720 687 manebit
748 630 929 707 legeturque
958 649 1081 706 semper

170 751 264 805 tanto¹
292 751 398 824 magis,
426 750 496 823 quia
530 765 592 804 non
623 750 735 804 statim.
793 745 967 803 Incitantur
995 749 1079 802 enlm

171 861 308 919 homines
322 862 359 919 ad
374 861 576 938 agnoscenda,
591 880 669 938 quae
684 859 873 918 differuntur.
919 860 1001 917 Vale,

555 1127 692 1184 XXVIII

335 1335 339 1342 Ι
390 1269 421 1326 C.
449 1268 567 1326 Primus
591 1269 720 1326 Rouauo
742 1269 803 1326 Suo
825 1267 854 1326 S.

212 1409 289 1465 Posr
323 1409 447 1485 longum
482 1417 604 1486 tempus
639 1408 784 1486 epistulas
812 1415 890 1478 tuas,
925 1407 979 1465 sed
1013 1415 1080 1465 tres

170 1519 283 1592 pariter
308 1521 420 1592 recepi,
444 1535 548 1573 omnes
574 1517 823 1593 elegantissimas
847 1518 1079 1585 amantissimam,

170 1631 204 1680 et
217 1623 321 1699 quales
335 1644 353 1680 a
366 1632 399 1681 te
415 1627 528 1691 venire,
542 1627 721 1700 praesertIm
735 1621 932 1692 desideratas,
956 1629 1079 1698 oporte-

170 1730 243 1786 bat.=
275 1728 411 1801 Quarum
432 1750 492 1786 una
513 1733 646 1806 Iniungis
667 1729 743 1786 milri
756 1728 1007 1786 iucundissimum
1022 1733 1079 1785 mi-

170 1840 338 1906 nisterium,
366 1845 401 1894 ut
428 1836 466 1893 ad
491 1835 650 1906 Plotinam,
673 1839 892 1895 sanctissimam
920 1835 1078 1907 feminam,

170 1943 291 2000 litterae
326 1950 397 1999 tuae
437 1941 636 2018 perferantur.
696 1942 900 2000 Perferentur.
959 1941 1078 2000 Eadem

171 2049 365 2106 commendas
381 2048 529 2125 Popilium
543 2048 749 2107 Artemisium.
793 2048 905 2106 Statim
927 2053 1080 2125 praestiti,

171 2155 253 2232 quod
273 2155 407 2231 petebat.
452 2154 572 2212 Indicas
591 2159 683 2213 etiam
702 2154 835 2212 modicas
856 2163 889 2212 te
910 2154 1080 2212 vindemias

171 2261 337 2337 collegisse.
381 2260 555 2318 Communis
577 2261 653 2318 haec
667 2260 741 2317 mihi
755 2270 869 2332 tecum,
894 2281 1080 2340 quamquam

170 2363 202 2415 in
216 2359 417 2417 diversissima
431 2367 517 2436 parte
531 2367 688 2430 terrarum,
703 2359 827 2436 querela
841 2367 897 2417 est.

213 2457 318 2516 Altera
350 2458 479 2535 epistula
506 2463 629 2516 nuntias
656 2458 753 2516 multa
778 2466 812 2516 te
840 2478 923 2516 nunc
952 2458 1079 2528 dictare,

171 2576 252 2613 nunc
273 2557 414 2628 scribere,
430 2557 538 2633 quibus
552 2576 607 2614 nos
621 2557 678 2613 tibi
692 2566 912 2633 repraesentes.
957 2555 1079 2614 Gratias

169 2673 247 2731 ago;
268 2673 390 2731 agerem
414 2639 519 2732 magis,
534 2658 559 2711 si
573 2674 622 2711 me
637 2654 688 2710 illa
709 2659 782 2731 Ipsa,
798 2675 875 2732 quae
898 2655 1001 2712 scribis
1022 2663 1079 2711 aut

170 2752 275 2824 dictaS,
290 2753 394 2829 legere
409 2752 560 2811 voluisses
605 2753 645 2810 Et
660 2762 725 2811 erat
739 2773 870 2831 aequum
895 2760 930 2811 ut
954 2761 986 2810 te
1008 2773 1079 2810 mea

170 2855 213 2908 ita
247 2871 296 2908 me
331 2859 384 2909 tua
411 2855 522 2928 scripta
550 2871 742 2927 cognoscere,
771 2855 890 2909 etiamsi
917 2850 956 2906 ad
983 2850 1079 2908 alium

170 2968 261 3026 quam
288 2949 327 3006 ad
354 2970 404 3007 me
432 2955 632 3026 pertinerent.
678 2950 830 3008 Polliceris
854 2955 887 3006 in
911 2949 981 3020 fine,
1007 2970 1078 3007 cum

171 3051 282 3106 certius
296 3048 335 3105 de
350 3053 430 3106 vitae
445 3056 566 3125 nostrae
587 3049 776 3124 ordinatione
798 3048 912 3126 aliquid
935 3048 1080 3121 audiena,

399 3213 411 3235 ⁰
428 3204 484 3254 The
497 3205 628 3269 Empresa
642 3205 763 3268 Trajan’s
775 3205 843 3255 wife.

174 3317 231 3368 ²42
