2438 3790
383 344 473 401 THE
502 341 685 402 LETTERS
714 342 768 400 OF
795 341 922 400 PLlNY

200 509 305 559 tamen
320 501 448 560 honesto
471 502 536 559 loco
559 507 633 573 nati,
647 506 699 579 qui
721 509 865 578 peterent
885 507 1106 576 cuperentque,

201 600 283 677 quod
297 601 361 657 dari
376 601 495 671 liberto,
510 605 647 676 promitti
661 605 753 658 servis
767 600 920 657 videbant.

242 698 342 770 Quam
368 703 461 770 iuvat,
489 699 568 776 quod
597 703 629 755 in
656 707 794 776 tempora
821 698 873 755 illa
906 717 968 754 non
1002 696 1106 766 incidi,
1208 708 1210 741 ²

201 817 329 874 quorum
343 801 385 854 sic
405 817 465 868 me,
479 805 635 874 tamquam
649 797 707 854 illis
721 801 857 866 vixerim,
878 795 991 872 pudet!
1035 794 1106 851 Non
1209 860 1211 871 Ι

201 895 318 967 dubito,
333 896 472 953 similiter
493 895 581 953 adlici
603 903 644 953 te.
689 896 766 966 Scio,
781 915 871 973 quam
891 898 930 951 sit
946 895 1003 950 tibi
1022 897 1106 950 vivus
1209 884 1211 954 ]

202 1002 235 1051 et
262 998 413 1070 ingenuus
437 998 575 1062 animus;
604 994 734 1071 ideoque
757 992 873 1050 facilius
907 999 963 1063 est,
986 999 1030 1060 ut,
1045 1011 1105 1063 me,

201 1112 382 1169 quamquam
405 1092 615 1168 indignatione
630 1092 808 1169 quibusdam
830 1095 862 1147 in
883 1090 956 1147 locis
978 1089 1106 1146 fortasse

202 1189 281 1248 ultra
309 1190 456 1266 epistulae
487 1191 610 1248 modum
640 1189 810 1260 extulerim,
840 1209 946 1265 parum
974 1187 1106 1245 doluisse
1211 1231 1212 1234 ,

202 1308 292 1365 quarn
307 1293 396 1346 nimis
416 1290 529 1347 credas.
572 1289 656 1346 Vale.

620 1522 679 1579 VII

445 1680 476 1737 C.
494 1680 614 1737 Pnnus
628 1680 741 1737 Tncrro
755 1679 817 1738 Suo
831 1679 861 1738 S.

244 1837 350 1902 Nooun
372 1846 407 1895 ut
435 1843 579 1915 magistro
603 1842 748 1915 magister
770 1857 870 1914 neque
895 1845 931 1894 ut
958 1836 1105 1912 discipulo
1211 1846 1213 1855 '

202 1935 366 2012 discipulus
383 1937 436 2013 (sic
451 1941 532 1994 enim
547 1938 674 2013 scribis),
684 1936 737 1994 sed
753 1944 787 1993 ut
801 1935 948 2012 discipulo
961 1939 1106 2012 magister
1211 1942 1213 1999 l

202 2029 286 2110 (nam
310 2038 343 2087 tu
365 2035 519 2107 magister,
544 2050 601 2107 ego
626 2039 751 2098 eontra3
786 2039 879 2107 atque
906 2029 983 2086 adeo
1010 2037 1045 2086 tu
1073 2017 1110 2084 in'

189 2128 336 2214 ⁴scholam
370 2148 500 2199 revocas,
535 2148 592 2205 ego
626 2128 726 2187 adhuc
761 2127 931 2186 Saturnalia
958 2126 1104 2201 extendo)

202 2225 311 2282 librum
345 2231 460 2283 misisti.
526 2227 607 2284 Num
641 2230 727 2302 potui
761 2226 880 2303 longius
915 2224 1104 2302 hyperbaton

202 2323 302 2381 facere
317 2331 409 2401 atque
424 2323 481 2382 hoc
503 2330 568 2402 ipso
582 2327 708 2402 probare
724 2345 794 2383 eum
809 2344 874 2381 esse
896 2344 955 2395 me,
971 2328 1022 2400 qui
1043 2343 1104 2380 non

201 2422 292 2479 modo
300 2427 444 2499 magister
457 2431 537 2496 tuus,
548 2423 602 2480 sed
616 2443 655 2480 ne
670 2423 833 2499 discipulus
843 2421 966 2499 quidem
977 2422 1105 2479 debeam

201 2521 285 2578 dici?
327 2521 449 2579 Sumam
462 2531 567 2580 tamen
581 2542 740 2598 personam
754 2525 890 2598 magistri
909 2539 1105 2598 exseramque
1213 2518 1214 2543 ¹

202 2623 235 2675 in
262 2618 372 2675 librum
395 2627 482 2677 tuum
504 2624 559 2691 iuS,
584 2620 666 2696 quod
688 2619 810 2690 dedisti,
834 2640 870 2676 eo
891 2619 1023 2689 liberiuS,
1046 2637 1106 2695 quo
1212 2652 1214 2663 =

202 2716 278 2773 nihil
302 2737 339 2774 ex
362 2722 437 2776 meis
459 2722 582 2775 interim
605 2723 748 2776 missurus
771 2738 837 2775 sum
858 2719 924 2788 tibi,
939 2721 971 2774 in
992 2737 1053 2793 quo
1073 2724 1105 2773 te

203 2815 361 2872 ulciscaris.
406 2815 488 2874 Vale.

236 3009 248 3031 ‘⁸
266 3001 444 3064 Hyperboton,
460 3001 510 3063 (lit.
523 3003 741 3066 “transgression
752 3002 776 3061 ”l
792 3019 845 3051 was
855 2999 1106 3067 thogrammarlaus'
1211 3028 1213 3039 ‹
