2438 3790
439 406 527 462 THE
557 404 740 464 LETTERS
769 405 824 462 OF
853 404 980 462 PLlNY

260 565 404 621 Praesens
432 584 546 621 numen
580 572 673 641 atque
708 568 801 621 etiam
835 562 993 620 fatidicum
1027 563 1161 620 indicant

258 692 362 742 sortes,
405 684 514 761 Sparsa
528 692 600 742 sunt
621 689 699 741 circa
720 684 829 741 sacella
844 683 998 760 complura
1018 684 1160 741 totidem-

258 824 317 881 que
331 805 371 861 di.
416 804 476 863 Sua
497 809 605 881 cuique
621 808 787 876 veneratio,
801 824 888 862 suum
903 823 1025 874 nomen,
1041 805 1160 881 quibus-

258 924 328 999 dam
351 944 421 981 vero
447 906 543 981 etiam*
561 923 671 981 fontes.
723 924 803 980 Nam
825 931 947 1000 praeter
971 923 1057 979 illum
1080 927 1161 1000 quasi

257 1051 417 1119 parentem
445 1052 616 1100 ceterorum
641 1052 712 1101 sunt
740 1048 871 1100 minores
896 1048 995 1120 capite
1023 1044 1162 1112 discreti;

242 1163 312 1219 'sed
340 1162 454 1220 flumini
490 1168 665 1233 miscentur,
694 1163 775 1240 quod
809 1171 904 1238 ponte
933 1167 1161 1222 transmittitur.

260 1284 288 1340 ls
320 1287 468 1341 terminus
490 1288 565 1340 sacri
593 1283 780 1361 profanique.
836 1282 872 1338 In
894 1287 1048 1359 superiore
1077 1291 1163 1359 parte
1216 1287 1217 1290 ’

257 1407 399 1478 navigare
434 1410 563 1474 tantum,
599 1403 677 1459 infra
711 1407 804 1460 etiam
838 1410 944 1459 natare
979 1405 1162 1459 concessum.

259 1521 417 1579 Balineum
454 1522 651 1599 HispellateS,
680 1523 788 1599 quibus
823 1521 909 1579 illum
944 1521 1043 1578 locum
1078 1521 1164 1578 divus

258 1641 415 1718 Augustus
436 1642 516 1698 dono
537 1643 634 1714 dedit,
647 1642 768 1719 publice
790 1641 947 1718 praebent,
962 1641 1113 1717 praebent
1134 1647 1165 1696 et

258 1760 431 1836 hospitium.
476 1760 541 1816 Nee
562 1760 674 1818 desunt
688 1760 786 1831 villae,
801 1780 879 1837 quae
894 1767 1015 1817 secutae
1034 1758 1165 1816 fluminis

259 1883 476 1936 amoenitatem
490 1883 619 1955 margini
634 1883 786 1937 insistunt.

301 1998 337 2055 ln
353 2018 468 2056 summa
483 1997 558 2054 nihil
574 2003 641 2068 erit,
652 2018 689 2055 ex
703 2019 764 2076 quo
778 2020 839 2056 non
854 2003 953 2077 capias
966 1999 1164 2077 voluptatem.
1217 2047 1218 2068 ,

261 2119 339 2174 Nam
368 2117 505 2175 studebis
533 2137 672 2194 quoque;
703 2127 736 2176 et
763 2119 847 2195 leges
875 2119 972 2176 multa
999 2119 1165 2204 multorum

259 2240 398 2295 omnibus
413 2239 568 2310 columniS,
584 2241 723 2298 omnibus
744 2242 909 2317 parietibus
930 2245 1084 2317 inscripta,
1100 2246 1165 2319 qui-

259 2359 315 2415 bus
326 2358 393 2416 fons
407 2358 459 2415 ille
473 2359 608 2436 deusque
623 2360 801 2419 celebratur.
838 2361 934 2418 ¹Plura
947 2361 1093 2431 laudabis,
1103 2381 1165 2418 uon

259 2479 342 2536 nulla
357 2480 468 2537 ridebis
479 2500 486 2548 ;
507 2501 688 2557 quamquam
700 2488 734 2538 tu
743 2501 823 2552 vero,
833 2501 910 2559 quae
921 2489 974 2538 tua
983 2481 1167 2551 humanitas

260 2599 343 2656 nulla
356 2600 475 2656 ridebis
520 2599 602 2656 Vale.

691 2809 734 2866 IX

494 2966 545 3068 xC.
564 2965 685 3023 Pnnuus
701 2967 784 3024 Unso
799 2965 860 3024 Suo
876 2965 904 3024 S.

302 3126 383 3183 Onuu
409 3145 470 3182 non
490 3124 601 3182 librum
629 3129 661 3182 in
687 3145 804 3197 manua,
826 3147 887 3183 non
915 3125 1019 3183 stilum
1040 3129 1168 3202 sumpsi,

261 3242 333 3298 olim
348 3245 458 3311 nescio,
473 3242 545 3318 quid
560 3245 600 3298 sit
621 3246 725 3312 otium,
740 3241 811 3319 quid
827 3245 921 3318 quies,
936 3240 1010 3317 quid
1025 3239 1169 3318 ¹denique

265 3351 320 3406 116
910 3357 912 3361 ’
