2438 3790
330 325 419 412 Tun
449 355 631 413 Larinas
660 355 715 413 or
745 356 871 414 rmus

149 514 292 570 effecerat
320 513 477 584 heredem,
506 519 530 570 si
565 522 646 571 esset
682 535 772 571 manu
808 520 903 590 patris
938 520 1057 573 emissa.

149 621 299 680 Emiserat
323 630 420 698 pater,
444 621 642 698 adoptaverat
666 631 802 698 patruuS,
824 631 916 700 atque
936 628 979 680 ita
1000 628 1057 680 cir-

146 733 331 806 cumscripto
355 737 542 786 testamento
565 748 686 786 consors
711 729 807 788 frater
832 735 864 786 in
887 733 981 806 patris
1003 749 1059 806 po·

146 844 292 895 testatem
316 840 538 911 emancipatam
560 836 652 892 filiam
680 837 853 914 adoptionis
880 836 987 895 fraude
1008 857 1057 894 re-

146 952 305 1001 vocaverat
319 951 352 1001 et
366 943 490 1020 quidem
505 963 574 1000 cum
588 945 696 1020 opibus
710 945 909 1022 amplissimis

189 1051 259 1108 Fuit
279 1050 391 1127 alioqui
419 1049 561 1108 fratribus
590 1049 648 1107 illis
677 1055 762 1128 quasi
791 1051 855 1109 fato
878 1051 994 1121 datum,
1020 1058 1055 1108 ut

146 1158 255 1216 divites
279 1156 388 1213 fierent
410 1160 595 1214 invitissimis
621 1157 678 1227 ἰίε,1
702 1178 720 1214 a
744 1159 853 1233 quibus
878 1156 950 1214 facti
972 1164 1054 1213 sunt.

148 1264 233 1335 Quin
261 1268 353 1320 etiam
384 1263 537 1322 Domitius
565 1263 650 1335 Afer,
686 1269 738 1341 qui
773 1264 840 1321 illos
874 1269 906 1321 in
941 1271 1055 1320 numen

147 1372 326 1448 adsumpsit,
352 1371 475 1448 reliquit
494 1379 714 1429 testamentum
728 1379 800 1429 ante
815 1379 884 1429 octo
899 1355 931 1428 et
945 1370 1054 1427 decem

146 1500 243 1537 annos
258 1486 468 1555 nuncupatum
483 1479 621 1556 adeoque
642 1488 748 1556 postea
769 1481 972 1556 improbatum
987 1479 1054 1547 sibi,

147 1596 182 1644 ut
199 1592 292 1663 patris
314 1607 419 1657 eorum
440 1589 519 1645 bona
540 1587 755 1664 proscribenda
773 1591 930 1644 curaverit.
975 1587 1054 1642 Mira

71 1700 73 1705 “
147 1694 226 1751 illius
241 1700 395 1770 asperitas,
410 1700 485 1751 mira
510 1695 638 1753 felicitas
663 1695 780 1766 borum,
800 1695 879 1751 illius
897 1699 1053 1771 asperitas,

148 1805 199 1877 qui
215 1821 341 1859 numero
357 1805 467 1858 civium
478 1802 615 1872 exscidit,
630 1821 722 1878 quem
737 1805 850 1859 socium
865 1805 957 1859 etiam
972 1805 1005 1858 in
1019 1801 1054 1857 li-

149 1909 229 1965 beris
239 1908 355 1980 habuit,
370 1908 500 1966 felicitas
511 1908 628 1980 horum,
640 1911 748 1986 quibus
759 1913 903 1967 successit
911 1913 942 1964 iu
953 1907 1054 1964 locum

149 2019 253 2092 patris,
266 2020 317 2093 qui
332 2023 451 2092 patrem
472 2016 647 2074 abstulerat.

190 2123 252 2181 Sed
278 2123 353 2181 haec
377 2144 498 2201 quoque
521 2123 676 2181 hereditas
700 2123 767 2180 Afri
789 2131 824 2181 ut
847 2124 963 2200 reliqua
986 2144 1053 2181 cum

148 2228 243 2287 fratrc
258 2235 394 2307 quaesita
408 2230 645 2287 transmittenda
664 2239 730 2287 erat
744 2229 821 2287 filiae
837 2229 946 2300 fratris,
961 2251 979 2286 a
993 2249 1054 2306 quo

148 2335 254 2393 Tullus
277 2356 313 2393 ex
335 2355 400 2392 asse
429 2336 517 2394 heres
542 2340 700 2394 institutus
726 2336 938 2414 praelatusque
974 2335 1053 2392 filiae

148 2441 258 2513 fuerat,
267 2451 302 2500 ut
313 2443 531 2500 conciliaretur.
565 2442 634 2514 Quo
644 2443 824 2501 laudabilius
832 2451 1052 2502 testamentum

149 2557 206 2619 est,
232 2549 313 2626 quod
335 2526 443 2625 pietas,
468 2548 552 2620 fides,
567 2549 673 2625 pudor,
695 2553 824 2627 scripsit,
838 2553 870 2606 in
892 2569 952 2625 quo
966 2548 1075 2618 deni-¹

149 2676 208 2733 que
224 2657 362 2713 omnibus
377 2655 584 2713 adfinitatibus
606 2675 660 2731 pro
682 2660 826 2732 cuiusque
841 2656 936 2713 officio
957 2661 1055 2732 gratia

149 2762 244 2820 relata
273 2771 330 2835 est,
358 2763 453 2821 relata
477 2771 509 2820 et
537 2767 629 2820 uxori.
673 2763 803 2841 Accepit
830 2767 1056 2820 amoenissimas

150 2870 245 2942 villas,
272 2876 391 2948 aceepit
418 2891 560 2948 magnam
589 2877 749 2948 pecuniam
778 2891 853 2929 uxor
880 2876 996 2947 optima
1023 2880 1056 2928 et

149 2983 370 3055 patientissima
390 2999 425 3035 ac
439 2987 528 3036 tanto
541 2979 650 3036 melius
664 2980 703 3037 de
724 2985 788 3037 viro
807 2984 925 3050 merita,
940 2988 1055 3057 quanto

474 3083 483 3114 ¹
500 3085 533 3132 iis
545 3085 607 3134 aad.
622 3085 727 3134 aratur.

507 3210 519 3232 ‘³
536 3200 585 3252 See
596 3203 630 3251 iv.
645 3203 698 3250 2η.
