2334 3686
375 267 464 328 THE
494 265 678 325 LETTERS
705 262 761 324 OF
790 261 917 322 PLlNY

578 525 709 583 LXXIV

368 686 399 743 C.
425 685 545 742 Punuus
565 683 705 741 Traiano
727 683 914 740 lurunaronr

235 845 397 914 Aruernus,
431 843 564 912 domine,
599 841 696 912 miles,
731 844 783 917 qui
818 847 867 897 est
900 843 932 895 in
967 843 1101 897 statione

196 941 420 1011 Nicomedensi,
449 944 568 1015 scripsit
596 938 671 995 mihi
700 938 853 1016 quendam
881 941 1005 994 nomine
1036 936 1100 993 Cal·
1144 973 1145 976 =

193 1041 366 1110 lidromum,
388 1059 458 1096 cum
480 1039 672 1096 detineretur
694 1058 712 1094 a
737 1037 870 1094 Maximo
895 1045 927 1094 et
953 1036 1102 1114 Dionysio

195 1141 367 1216 pistoribus,
391 1138 500 1214 quibus
522 1157 628 1214 operas
650 1157 718 1194 suas
742 1137 904 1208 locaverat,
928 1134 1102 1212 confugisse

195 1229 234 1295 ad
269 1245 353 1295 tuam
389 1244 520 1294 statuam
555 1235 797 1312 perductumque
833 1234 871 1292 ad
905 1237 1102 1310 magistratus

196 1336 353 1405 indicasse,
376 1338 501 1391 servisse
529 1333 691 1410 aliquando
720 1333 848 1390 Laberio
878 1333 1011 1390 Maximo
1034 1352 1100 1408 cap·

195 1443 322 1510 tumque
349 1454 366 1489 a
388 1431 502 1508 Susago
525 1436 556 1488 in
583 1432 698 1488 Moesia
720 1439 752 1488 et
772 1451 791 1487 a
811 1430 958 1488 Decibalo
983 1433 1102 1487 muneri

196 1535 320 1588 missum
344 1530 464 1599 Pacom,
488 1528 627 1587 Parthiae
648 1533 722 1606 regi,
744 1528 941 1607 pluribusque
961 1533 1052 1586 annis
1072 1533 1101 1583 in

85 1699 91 1708 Ι
197 1632 366 1686 ministerio
390 1633 454 1686 eius
477 1628 580 1698 fuisse,
605 1627 718 1684 deinde
742 1627 856 1704 fugisse
879 1636 971 1706 atque
1000 1631 1045 1684 ita
1072 1631 1101 1682 in
1144 1621 1145 1630 ’

198 1728 408 1786 Nicomediam
422 1731 604 1803 pervenisse.

239 1826 340 1899 Quem
355 1844 412 1902 ego
426 1825 608 1902 perductum
622 1825 661 1882 ad
675 1844 735 1896 me,
744 1845 814 1881 cum
823 1824 931 1882 eadem
942 1831 1101 1893 narrasset,
1144 1821 1145 1888 Q

199 1924 386 1983 mittendum
407 1923 446 1980 ad
466 1931 499 1980 te
522 1927 646 1999 putavi;
678 1922 760 2000 quod
782 1923 873 1998 paulo
895 1921 1010 1980 tardius
1036 1923 1101 1991 feci,

199 2023 273 2081 dum
287 2026 407 2098 requiro
421 2041 584 2098 gemmam,
593 2041 683 2099 quam
698 2023 756 2080 sibi
765 2021 930 2078 habentem
940 2024 1102 2097 imaginem
1144 2057 1145 2076 r

203 2122 315 2191 Pacori,
338 2128 371 2177 et
393 2120 501 2197 quibus
525 2120 719 2196 insignibus²
743 2128 867 2178 ornatus
895 2119 1012 2189 fuisset,
1036 2121 1101 2176 sub·
1144 2165 1145 2174 ,

200 2228 328 2276 tractam
363 2219 525 2276 indicabat.
569 2217 657 2276 Volui
692 2223 774 2276 enim
810 2218 887 2275 hanc
921 2238 1052 2294 quoque,
1081 2222 1103 2274 si

202 2320 330 2373 inveniri
367 2320 526 2391 potuisset,
554 2317 642 2374 simul
676 2321 812 2387 mittere,
839 2320 917 2374 sicut
951 2315 1104 2392 glebulam

203 2419 279 2485 misi,
295 2434 385 2492 quam
400 2434 432 2471 se
448 2434 485 2471 ex
509 2415 648 2472 Parthico
668 2415 794 2472 metallo
815 2414 953 2472 attulisse
975 2414 1102 2474 dicebat.

204 2514 330 2589 Signata
358 2520 405 2570 est
431 2513 544 2570 annulo
572 2533 651 2583 meo,
672 2517 756 2570 cuius
777 2520 824 2571 est
851 2511 1105 2589 aposphragisma,

204 2611 357 2688 quadriga.
715 2677 717 2682 y

480 2691 488 2721 ¹
506 2691 653 2756 insignibus
664 2693 726 2742 add.
743 2691 834 2741 Oatun.
1144 2717 1145 2778 q

238 2814 250 2836 ‘⁴
268 2803 375 2855 Statuas
387 2805 414 2855 oi
431 2808 477 2856 the
489 2823 631 2871 emperors,
645 2823 711 2856 even
723 2807 820 2872 during
832 2807 902 2856 their
918 2805 1041 2866 liietime,
1054 2805 1104 2855 had
1144 2799 1145 2854 l

206 2871 252 2920 the
264 2886 334 2919 same
346 2872 432 2936 rights
444 2872 471 2920 oi
482 2878 626 2937 sanctuary
637 2873 763 2922 attached
775 2878 804 2922 to
816 2873 889 2921 them
901 2887 930 2922 as
942 2870 995 2920 had
1007 2873 1105 2921 certain
1144 2903 1145 2922 ι

205 2936 289 2985 altars
300 2936 353 2985 and
364 2941 467 2986 statues
478 2937 506 2985 oi
517 2938 563 2986 the
575 2937 649 3002 gods.
1144 2933 1145 2938 ¹

218 3218 268 3274 ''74
