2362 3794
384 374 472 432 THE
501 373 684 433 LETTERS
713 375 767 434 OF
799 373 925 431 PLINY

201 552 320 610 quaque
330 533 498 591 laudandus
507 541 572 602 est;
593 537 618 590 si
629 553 722 591 unum
731 531 855 610 aliquid,
864 536 964 590 minus
973 530 1108 608 quidem,

201 656 370 714 laudandus
383 664 495 715 tamen.
538 655 614 714 Tam
628 678 727 715 rarum
742 665 790 714 cst
805 661 896 714 etiam
908 655 1109 732 imperfectae

200 780 390 838 liberalitatis
415 781 577 857 exemplar.
621 780 665 838 Ea
679 785 789 838 invasit
809 781 948 838 homines
974 779 1110 836 habendi

201 903 321 981 cupido,
335 911 371 962 ut
384 904 531 981 possideri
544 909 640 981 magis
654 924 744 981 quam
759 903 913 981 possidere
935 903 1106 962 videantur.

203 1028 285 1086 Vale.

598 1203 703 1260 XXXI

368 1328 370 1332 ’
434 1335 465 1390 C.
490 1335 611 1392 Pururus
632 1335 735 1393 Suuoo
757 1333 818 1393 Suo
840 1333 869 1393 S.

244 1467 402 1532 Posrouuu
425 1488 442 1524 a
464 1475 497 1524 te
519 1472 639 1538 recessi,
663 1487 724 1524 non
748 1471 848 1524 minus
873 1475 986 1538 tecum,
1017 1487 1108 1544 quam

202 1597 271 1636 cum
295 1577 376 1654 apud
401 1585 433 1635 te
458 1577 509 1636 fui.
555 1577 631 1655 Legi
659 1582 741 1636 enim
768 1578 878 1635 librum
900 1585 994 1637 ¹tuum
1022 1578 1108 1636 iden-

202 1689 298 1746 tidem
332 1697 476 1765 repetens
511 1709 546 1746 ea
580 1692 711 1746 maxime
739 1687 815 1767 (non
843 1693 925 1746 enim
953 1687 1107 1768 mentiar),

201 1819 279 1878 quae
294 1799 333 1858 de
347 1819 396 1858 me
419 1803 574 1876 scripsisti,
588 1803 621 1855 in
635 1800 744 1876 quibus
766 1799 891 1876 quidem
914 1803 1108 1875 percopiosus

201 1913 293 1972 fuisti.
338 1913 438 1984 Quam
462 1914 568 1984 multa,
582 1933 673 1990 quam
695 1917 782 1984 varia,
798 1933 888 1990 quam
913 1933 974 1970 non
999 1913 1107 1971 eadem

201 2024 257 2100 de¹
276 2024 384 2082 eodem
419 2043 476 2080 nec
506 2031 611 2082 tamen
642 2023 760 2082 diversa
790 2023 913 2081 dixisti!
970 2023 1107 2081 Laudem

203 2141 316 2212 pariter
343 2144 376 2193 et
403 2140 515 2212 gratias
542 2137 653 2213 agam?
706 2121 857 2194 Neutrum
885 2139 957 2192 satis
984 2155 1108 2212 possum

202 2254 244 2317 et,
272 2251 297 2304 si
321 2266 449 2323 possem,
478 2251 628 2317 timerem,
657 2266 696 2305 ne
724 2265 867 2323 arrogans
895 2255 976 2304 esset
1002 2248 1042 2304 ob
1071 2265 1108 2304 ea

201 2357 334 2429 laudare,
369 2359 408 2415 ob
443 2378 520 2435 quae
555 2362 667 2435 gratias
701 2377 833 2435 agerem.
892 2358 995 2416 Unum
1031 2358 1107 2415 illud

201 2469 320 2540 addam,
345 2475 446 2527 omnia
469 2470 544 2526 mihi
566 2478 654 2527 tanto
675 2469 872 2527 laudabiliora
896 2473 968 2540 visa,
991 2477 1108 2546 quanto

201 2580 386 2652 iucundiora,
401 2589 434 2639 et
453 2589 541 2639 tauto
562 2580 750 2652 iucundiora,
771 2588 887 2656 quanto
909 2579 1108 2637 laudabiliora

203 2699 298 2751 crant.
342 2691 425 2749 Vale.
476 2695 479 2701 ’

594 2830 716 2888 XXXII

422 2962 453 3020 C.
478 2962 598 3020 Puruus
620 2961 749 3020 Timauo
770 2961 831 3021 Suo
853 2960 882 3020 S.

241 3094 325 3165 Qum
346 3097 434 3171 agIs?
456 3095 529 3172 quid
552 3102 673 3152 acturus
695 3095 749 3152 es?
792 3093 861 3170 Ipse
884 3098 978 3151 vitam
999 3097 1106 3152 iucun-

200 3215 363 3285 dissimam,
387 3213 419 3272 id
447 3221 504 3284 est,
532 3216 752 3284 otiosissimam,
781 3217 855 3272 vivo.
899 3211 969 3284 Quo
999 3213 1043 3285 fit,
1072 3221 1107 3271 ut

205 3325 262 3393 248
