<?xml version="1.0" encoding="UTF-8"?>
<!DOCTYPE html PUBLIC "-//W3C//DTD XHTML 1.0 Transitional//EN"
    "http://www.w3.org/TR/xhtml1/DTD/xhtml1-transitional.dtd">
<html xmlns="http://www.w3.org/1999/xhtml" xml:lang="en" lang="en">
 <head>
  <title>
</title>
<meta http-equiv="Content-Type" content="text/html;charset=utf-8" />
  <meta name='ocr-system' content='tesseract 3.04.00' />
  <meta name='ocr-capabilities' content='ocr_page ocr_carea ocr_par ocr_line ocrx_word'/>
</head>
<body>
  <div class='ocr_page' id='page_1' title='image "./letters00hutcgoog/letters00hutcgoog_0175.png"; bbox 0 0 2362 3794; ppageno 0'>
   <div class='ocr_carea' id='block_1_1' title="bbox 336 379 882 440">
    <p class='ocr_par' dir='ltr' id='par_1_1' title="bbox 336 379 882 440">
     <span class='ocr_line' id='line_1_1' title="bbox 336 379 882 440; baseline 0.005 -4"><span class='ocrx_word' id='word_1_1' title='bbox 336 379 425 437; x_wconf 87' lang='lat' dir='ltr'><strong>THE</strong></span> <span class='ocrx_word' id='word_1_2' title='bbox 455 379 641 440; x_wconf 86' lang='lat' dir='ltr'>LETTERS</span> <span class='ocrx_word' id='word_1_3' title='bbox 671 381 725 440; x_wconf 92' lang='lat' dir='ltr'><strong>OF</strong></span> <span class='ocrx_word' id='word_1_4' title='bbox 756 381 882 440; x_wconf 89' lang='lat' dir='ltr'>PLINY</span> 
     </span>
    </p>
   </div>
   <div class='ocr_carea' id='block_1_2' title="bbox 152 540 1061 616">
    <p class='ocr_par' dir='ltr' id='par_1_2' title="bbox 152 540 1061 616">
     <span class='ocr_line' id='line_1_2' title="bbox 152 540 1061 616; baseline 0.002 -19"><span class='ocrx_word' id='word_1_5' title='bbox 152 540 326 597; x_wconf 91' lang='lat' dir='ltr'><strong>consulibus</strong></span> <span class='ocrx_word' id='word_1_6' title='bbox 350 543 410 596; x_wconf 91' lang='lat' dir='ltr'><strong>suis</strong></span> <span class='ocrx_word' id='word_1_7' title='bbox 434 540 479 616; x_wconf 93' lang='lat' dir='ltr'><strong>(et</strong></span> <span class='ocrx_word' id='word_1_8' title='bbox 497 540 599 616; x_wconf 91' lang='lat' dir='ltr'><strong>plures</strong></span> <span class='ocrx_word' id='word_1_9' title='bbox 624 540 744 616; x_wconf 84' lang='lat' dir='ltr'><strong>habuit)</strong></span> <span class='ocrx_word' id='word_1_10' title='bbox 764 561 827 598; x_wconf 92' lang='lat' dir='ltr'><strong>non</strong></span> <span class='ocrx_word' id='word_1_11' title='bbox 841 545 941 599; x_wconf 89' lang='lat' dir='ltr'><strong>minus</strong></span> <span class='ocrx_word' id='word_1_12' title='bbox 958 546 1061 599; x_wconf 92' lang='lat' dir='ltr'><strong>iucun-</strong></span> 
     </span>
    </p>
   </div>
   <div class='ocr_carea' id='block_1_3' title="bbox 152 623 1061 724">
    <p class='ocr_par' dir='ltr' id='par_1_3' title="bbox 152 623 1061 724">
     <span class='ocr_line' id='line_1_3' title="bbox 152 623 1061 724; baseline 0.001 -21"><span class='ocrx_word' id='word_1_13' title='bbox 152 645 209 703; x_wconf 88' lang='lat' dir='ltr'><strong>dus</strong></span> <span class='ocrx_word' id='word_1_14' title='bbox 233 653 265 702; x_wconf 93' lang='lat' dir='ltr'><strong>et</strong></span> <span class='ocrx_word' id='word_1_15' title='bbox 288 623 392 721; x_wconf 80' lang='lat' dir='ltr'><strong>gratus</strong></span> <span class='ocrx_word' id='word_1_16' title='bbox 415 665 506 721; x_wconf 89' lang='lat' dir='ltr'><strong>quam</strong></span> <span class='ocrx_word' id='word_1_17' title='bbox 529 645 612 703; x_wconf 91' lang='lat' dir='ltr'><strong>utilis</strong></span> <span class='ocrx_word' id='word_1_18' title='bbox 637 644 716 703; x_wconf 86' lang='lat' dir='ltr'><strong>fuit!</strong></span> <span class='ocrx_word' id='word_1_19' title='bbox 738 644 807 717; x_wconf 85' lang='lat' dir='ltr'><strong>Quo</strong></span> <span class='ocrx_word' id='word_1_20' title='bbox 830 645 975 717; x_wconf 84' lang='lat' dir='ltr'><strong>discursu,</strong></span> <span class='ocrx_word' id='word_1_21' title='bbox 1001 667 1061 724; x_wconf 83' lang='lat' dir='ltr'><strong>qua</strong></span> 
     </span>
    </p>
   </div>
   <div class='ocr_carea' id='block_1_4' title="bbox 148 751 1060 1896">
    <p class='ocr_par' dir='ltr' id='par_1_4' title="bbox 151 751 1060 1021">
     <span class='ocr_line' id='line_1_4' title="bbox 151 751 1060 830; baseline 0.003 -22"><span class='ocrx_word' id='word_1_22' title='bbox 151 752 309 826; x_wconf 83' lang='lat' dir='ltr'><strong>vigilantia</strong></span> <span class='ocrx_word' id='word_1_23' title='bbox 336 751 414 808; x_wconf 91' lang='lat' dir='ltr'><strong>hanc</strong></span> <span class='ocrx_word' id='word_1_24' title='bbox 442 755 538 827; x_wconf 83' lang='lat' dir='ltr'><strong>ipsam</strong></span> <span class='ocrx_word' id='word_1_25' title='bbox 570 752 769 823; x_wconf 83' lang='lat' dir='ltr'><strong>aedilitatem,</strong></span> <span class='ocrx_word' id='word_1_26' title='bbox 798 757 847 809; x_wconf 91' lang='lat' dir='ltr'><strong>cui</strong></span> <span class='ocrx_word' id='word_1_27' title='bbox 881 761 1060 830; x_wconf 87' lang='lat' dir='ltr'><strong>praereptus</strong></span> 
     </span>
     <span class='ocr_line' id='line_1_5' title="bbox 153 859 1059 936; baseline 0.002 -20"><span class='ocrx_word' id='word_1_28' title='bbox 153 867 210 929; x_wconf 89' lang='lat' dir='ltr'><strong>est,</strong></span> <span class='ocrx_word' id='word_1_29' title='bbox 251 860 359 935; x_wconf 85' lang='lat' dir='ltr'><strong>petiit!</strong></span> <span class='ocrx_word' id='word_1_30' title='bbox 403 859 484 936; x_wconf 91' lang='lat' dir='ltr'><strong>quod</strong></span> <span class='ocrx_word' id='word_1_31' title='bbox 523 859 571 916; x_wconf 96' lang='lat' dir='ltr'><strong>vel</strong></span> <span class='ocrx_word' id='word_1_32' title='bbox 606 863 736 918; x_wconf 84' lang='lat' dir='ltr'><strong>maxime</strong></span> <span class='ocrx_word' id='word_1_33' title='bbox 778 859 915 917; x_wconf 89' lang='lat' dir='ltr'><strong>dolorem</strong></span> <span class='ocrx_word' id='word_1_34' title='bbox 956 880 1059 918; x_wconf 91' lang='lat' dir='ltr'><strong>meum</strong></span> 
     </span>
     <span class='ocr_line' id='line_1_6' title="bbox 151 963 315 1021; baseline -0.006 0"><span class='ocrx_word' id='word_1_35' title='bbox 151 963 315 1021; x_wconf 83' lang='lat' dir='ltr'><strong>exulcerat.</strong></span> 
     </span>
    </p>

    <p class='ocr_par' dir='ltr' id='par_1_5' title="bbox 148 1071 1059 1896">
     <span class='ocr_line' id='line_1_7' title="bbox 193 1071 1059 1132; baseline 0.002 -2"><span class='ocrx_word' id='word_1_36' title='bbox 193 1071 403 1130; x_wconf 83' lang='lat' dir='ltr'><strong>Obversantur</strong></span> <span class='ocrx_word' id='word_1_37' title='bbox 427 1073 520 1130; x_wconf 89' lang='lat' dir='ltr'><strong>oculis</strong></span> <span class='ocrx_word' id='word_1_38' title='bbox 546 1076 621 1129; x_wconf 88' lang='lat' dir='ltr'><strong>cassi</strong></span> <span class='ocrx_word' id='word_1_39' title='bbox 645 1073 763 1130; x_wconf 87' lang='lat' dir='ltr'><strong>labores</strong></span> <span class='ocrx_word' id='word_1_40' title='bbox 796 1081 829 1131; x_wconf 88' lang='lat' dir='ltr'><strong>et</strong></span> <span class='ocrx_word' id='word_1_41' title='bbox 854 1072 1059 1132; x_wconf 84' lang='lat' dir='ltr'><strong>infructuosae</strong></span> 
     </span>
     <span class='ocr_line' id='line_1_8' title="bbox 151 1179 1059 1257; baseline 0.003 -21"><span class='ocrx_word' id='word_1_42' title='bbox 151 1199 258 1256; x_wconf 89' lang='lat' dir='ltr'><strong>preces</strong></span> <span class='ocrx_word' id='word_1_43' title='bbox 273 1187 305 1238; x_wconf 88' lang='lat' dir='ltr'><strong>et</strong></span> <span class='ocrx_word' id='word_1_44' title='bbox 316 1179 422 1250; x_wconf 85' lang='lat' dir='ltr'><strong>honor,</strong></span> <span class='ocrx_word' id='word_1_45' title='bbox 438 1200 529 1257; x_wconf 92' lang='lat' dir='ltr'><strong>quem</strong></span> <span class='ocrx_word' id='word_1_46' title='bbox 552 1184 664 1238; x_wconf 89' lang='lat' dir='ltr'><strong>meruit</strong></span> <span class='ocrx_word' id='word_1_47' title='bbox 689 1189 818 1238; x_wconf 82' lang='lat' dir='ltr'><strong>tantum.</strong></span> <span class='ocrx_word' id='word_1_48' title='bbox 852 1181 943 1239; x_wconf 88' lang='lat' dir='ltr'><strong>Redit</strong></span> <span class='ocrx_word' id='word_1_49' title='bbox 957 1186 1059 1239; x_wconf 88' lang='lat' dir='ltr'><strong>animo</strong></span> 
     </span>
     <span class='ocr_line' id='line_1_9' title="bbox 150 1287 1059 1364; baseline 0.004 -21"><span class='ocrx_word' id='word_1_50' title='bbox 150 1287 202 1345; x_wconf 88' lang='lat' dir='ltr'><strong>ille</strong></span> <span class='ocrx_word' id='word_1_51' title='bbox 216 1287 295 1345; x_wconf 85' lang='lat' dir='ltr'><strong>latus</strong></span> <span class='ocrx_word' id='word_1_52' title='bbox 310 1287 411 1344; x_wconf 91' lang='lat' dir='ltr'><strong>clavus</strong></span> <span class='ocrx_word' id='word_1_53' title='bbox 430 1290 462 1343; x_wconf 90' lang='lat' dir='ltr'><strong>in</strong></span> <span class='ocrx_word' id='word_1_54' title='bbox 483 1288 644 1364; x_wconf 85' lang='lat' dir='ltr'><strong>penatibus</strong></span> <span class='ocrx_word' id='word_1_55' title='bbox 659 1291 734 1344; x_wconf 92' lang='lat' dir='ltr'><strong>meis</strong></span> <span class='ocrx_word' id='word_1_56' title='bbox 749 1295 905 1364; x_wconf 89' lang='lat' dir='ltr'><strong>sumptus:</strong></span> <span class='ocrx_word' id='word_1_57' title='bbox 926 1287 1059 1347; x_wconf 89' lang='lat' dir='ltr'><strong>redeunt</strong></span> 
     </span>
     <span class='ocr_line' id='line_1_10' title="bbox 149 1392 1057 1470; baseline 0.004 -22"><span class='ocrx_word' id='word_1_58' title='bbox 149 1392 201 1448; x_wconf 88' lang='lat' dir='ltr'><strong>illa</strong></span> <span class='ocrx_word' id='word_1_59' title='bbox 215 1395 321 1468; x_wconf 86' lang='lat' dir='ltr'><strong>prima,</strong></span> <span class='ocrx_word' id='word_1_60' title='bbox 342 1392 394 1449; x_wconf 90' lang='lat' dir='ltr'><strong>illa</strong></span> <span class='ocrx_word' id='word_1_61' title='bbox 414 1401 567 1468; x_wconf 86' lang='lat' dir='ltr'><strong>postrema</strong></span> <span class='ocrx_word' id='word_1_62' title='bbox 581 1392 721 1470; x_wconf 85' lang='lat' dir='ltr'><strong>suffragia</strong></span> <span class='ocrx_word' id='word_1_63' title='bbox 741 1413 819 1463; x_wconf 84' lang='lat' dir='ltr'><strong>mea,</strong></span> <span class='ocrx_word' id='word_1_64' title='bbox 834 1393 878 1450; x_wconf 92' lang='lat' dir='ltr'><strong>illi</strong></span> <span class='ocrx_word' id='word_1_65' title='bbox 893 1413 1057 1466; x_wconf 68' lang='lat' dir='ltr'><strong>sermones</strong></span> 
     </span>
     <span class='ocr_line' id='line_1_11' title="bbox 149 1499 1057 1576; baseline 0.003 -21"><span class='ocrx_word' id='word_1_66' title='bbox 149 1499 219 1558; x_wconf 91' lang='lat' dir='ltr'><strong>illae</strong></span> <span class='ocrx_word' id='word_1_67' title='bbox 262 1499 506 1557; x_wconf 88' lang='lat' dir='ltr'><strong>consultationes.</strong></span> <span class='ocrx_word' id='word_1_68' title='bbox 551 1499 684 1557; x_wconf 84' lang='lat' dir='ltr'><strong>Adficior</strong></span> <span class='ocrx_word' id='word_1_69' title='bbox 711 1499 920 1557; x_wconf 85' lang='lat' dir='ltr'><strong>adulescentia</strong></span> <span class='ocrx_word' id='word_1_70' title='bbox 954 1504 1057 1576; x_wconf 76' lang='lat' dir='ltr'><strong>ipsine,</strong></span> 
     </span>
     <span class='ocr_line' id='line_1_12' title="bbox 148 1603 1055 1680; baseline 0.001 -19"><span class='ocrx_word' id='word_1_71' title='bbox 148 1603 270 1661; x_wconf 87' lang='lat' dir='ltr'><strong>adficior</strong></span> <span class='ocrx_word' id='word_1_72' title='bbox 293 1604 551 1661; x_wconf 88' lang='lat' dir='ltr'><strong>necessitudinum</strong></span> <span class='ocrx_word' id='word_1_73' title='bbox 575 1625 652 1662; x_wconf 87' lang='lat' dir='ltr'><strong>casu.</strong></span> <span class='ocrx_word' id='word_1_74' title='bbox 699 1605 773 1661; x_wconf 89' lang='lat' dir='ltr'><strong>Erat</strong></span> <span class='ocrx_word' id='word_1_75' title='bbox 785 1604 831 1660; x_wconf 89' lang='lat' dir='ltr'><strong>illi</strong></span> <span class='ocrx_word' id='word_1_76' title='bbox 844 1604 967 1680; x_wconf 85' lang='lat' dir='ltr'><strong>grandis</strong></span> <span class='ocrx_word' id='word_1_77' title='bbox 982 1613 1055 1662; x_wconf 88' lang='lat' dir='ltr'><strong>natu</strong></span> 
     </span>
     <span class='ocr_line' id='line_1_13' title="bbox 148 1715 1055 1789; baseline 0.002 -23"><span class='ocrx_word' id='word_1_78' title='bbox 148 1730 267 1787; x_wconf 90' lang='lat' dir='ltr'><strong>parens,</strong></span> <span class='ocrx_word' id='word_1_79' title='bbox 305 1717 371 1768; x_wconf 87' lang='lat' dir='ltr'><strong>erat</strong></span> <span class='ocrx_word' id='word_1_80' title='bbox 409 1731 494 1782; x_wconf 89' lang='lat' dir='ltr'><strong>uxor,</strong></span> <span class='ocrx_word' id='word_1_81' title='bbox 529 1732 620 1789; x_wconf 89' lang='lat' dir='ltr'><strong>quam</strong></span> <span class='ocrx_word' id='word_1_82' title='bbox 648 1720 721 1769; x_wconf 86' lang='lat' dir='ltr'><strong>ante</strong></span> <span class='ocrx_word' id='word_1_83' title='bbox 756 1732 871 1768; x_wconf 86' lang='lat' dir='ltr'><strong>annum</strong></span> <span class='ocrx_word' id='word_1_84' title='bbox 906 1715 1055 1787; x_wconf 85' lang='lat' dir='ltr'><strong>virginem</strong></span> 
     </span>
     <span class='ocr_line' id='line_1_14' title="bbox 148 1818 1053 1896; baseline 0.002 -23"><span class='ocrx_word' id='word_1_85' title='bbox 148 1825 328 1894; x_wconf 88' lang='lat' dir='ltr'><strong>acceperat;</strong></span> <span class='ocrx_word' id='word_1_86' title='bbox 350 1825 416 1875; x_wconf 91' lang='lat' dir='ltr'><strong>erat</strong></span> <span class='ocrx_word' id='word_1_87' title='bbox 445 1818 513 1888; x_wconf 88' lang='lat' dir='ltr'><strong>filia,</strong></span> <span class='ocrx_word' id='word_1_88' title='bbox 542 1839 633 1896; x_wconf 90' lang='lat' dir='ltr'><strong>quam</strong></span> <span class='ocrx_word' id='word_1_89' title='bbox 660 1819 751 1895; x_wconf 89' lang='lat' dir='ltr'><strong>paulo</strong></span> <span class='ocrx_word' id='word_1_90' title='bbox 779 1826 852 1876; x_wconf 89' lang='lat' dir='ltr'><strong>ante</strong></span> <span class='ocrx_word' id='word_1_91' title='bbox 881 1818 1053 1876; x_wconf 87' lang='lat' dir='ltr'><strong>sustulerat.</strong></span> 
     </span>
    </p>
   </div>
   <div class='ocr_carea' id='block_1_5' title="bbox 148 1924 1160 2001">
    <p class='ocr_par' dir='ltr' id='par_1_6' title="bbox 148 1924 1160 2001">
     <span class='ocr_line' id='line_1_15' title="bbox 148 1924 1160 2001; baseline 0.003 -21"><span class='ocrx_word' id='word_1_92' title='bbox 148 1924 208 1981; x_wconf 91' lang='lat' dir='ltr'><strong>Tot</strong></span> <span class='ocrx_word' id='word_1_93' title='bbox 222 1943 302 2001; x_wconf 65' lang='lat' dir='ltr'><strong>spes</strong></span> <span class='ocrx_word' id='word_1_94' title='bbox 315 1932 363 1981; x_wconf 88' lang='lat' dir='ltr'><strong>tot</strong></span> <span class='ocrx_word' id='word_1_95' title='bbox 387 1925 497 2000; x_wconf 86' lang='lat' dir='ltr'><strong>gaudia</strong></span> <span class='ocrx_word' id='word_1_96' title='bbox 515 1925 581 1982; x_wconf 91' lang='lat' dir='ltr'><strong>dies</strong></span> <span class='ocrx_word' id='word_1_97' title='bbox 600 1944 678 1982; x_wconf 91' lang='lat' dir='ltr'><strong>unus</strong></span> <span class='ocrx_word' id='word_1_98' title='bbox 698 1929 730 1980; x_wconf 94' lang='lat' dir='ltr'><strong>in</strong></span> <span class='ocrx_word' id='word_1_99' title='bbox 750 1925 876 1982; x_wconf 87' lang='lat' dir='ltr'><strong>adversa</strong></span> <span class='ocrx_word' id='word_1_100' title='bbox 895 1929 1053 1983; x_wconf 89' lang='lat' dir='ltr'><strong>convertit.</strong></span> <span class='ocrx_word' id='word_1_101' title='bbox 1157 1938 1160 1963; x_wconf 83' lang='lat'>¹</span> 
     </span>
    </p>
   </div>
   <div class='ocr_carea' id='block_1_6' title="bbox 147 2029 1074 2957">
    <p class='ocr_par' dir='ltr' id='par_1_7' title="bbox 148 2029 1055 2322">
     <span class='ocr_line' id='line_1_16' title="bbox 153 2029 1055 2108; baseline 0.003 -23"><span class='ocrx_word' id='word_1_102' title='bbox 153 2030 243 2086; x_wconf 90' lang='lat' dir='ltr'><strong>Modo</strong></span> <span class='ocrx_word' id='word_1_103' title='bbox 258 2029 435 2106; x_wconf 88' lang='lat' dir='ltr'><strong>designatus</strong></span> <span class='ocrx_word' id='word_1_104' title='bbox 449 2031 565 2102; x_wconf 87' lang='lat' dir='ltr'><strong>aedilis,</strong></span> <span class='ocrx_word' id='word_1_105' title='bbox 579 2051 687 2089; x_wconf 90' lang='lat' dir='ltr'><strong>recens</strong></span> <span class='ocrx_word' id='word_1_106' title='bbox 701 2036 837 2102; x_wconf 67' lang='lat' dir='ltr'><strong>maritus</strong></span> <span class='ocrx_word' id='word_1_107' title='bbox 846 2051 953 2089; x_wconf 90' lang='lat' dir='ltr'><strong>recens</strong></span> <span class='ocrx_word' id='word_1_108' title='bbox 968 2039 1055 2108; x_wconf 87' lang='lat' dir='ltr'><strong>pater</strong></span> 
     </span>
     <span class='ocr_line' id='line_1_17' title="bbox 148 2137 1055 2210; baseline 0.003 -18"><span class='ocrx_word' id='word_1_109' title='bbox 148 2141 298 2194; x_wconf 88' lang='lat' dir='ltr'><strong>intactum</strong></span> <span class='ocrx_word' id='word_1_110' title='bbox 321 2137 477 2207; x_wconf 90' lang='lat' dir='ltr'><strong>bonorem,</strong></span> <span class='ocrx_word' id='word_1_111' title='bbox 501 2139 605 2195; x_wconf 89' lang='lat' dir='ltr'><strong>orbam</strong></span> <span class='ocrx_word' id='word_1_112' title='bbox 619 2146 759 2210; x_wconf 84' lang='lat' dir='ltr'><strong>matrem,</strong></span> <span class='ocrx_word' id='word_1_113' title='bbox 781 2137 902 2195; x_wconf 89' lang='lat' dir='ltr'><strong>viduam</strong></span> <span class='ocrx_word' id='word_1_114' title='bbox 918 2158 1055 2210; x_wconf 84' lang='lat' dir='ltr'><strong>uxorem,</strong></span> 
     </span>
     <span class='ocr_line' id='line_1_18' title="bbox 148 2242 866 2322; baseline 0.001 -22"><span class='ocrx_word' id='word_1_115' title='bbox 148 2243 239 2300; x_wconf 87' lang='lat' dir='ltr'><strong>filiam</strong></span> <span class='ocrx_word' id='word_1_116' title='bbox 253 2242 400 2319; x_wconf 90' lang='lat' dir='ltr'><strong>pupillam</strong></span> <span class='ocrx_word' id='word_1_117' title='bbox 414 2247 610 2322; x_wconf 89' lang='lat' dir='ltr'><strong>ignaramque</strong></span> <span class='ocrx_word' id='word_1_118' title='bbox 625 2249 720 2321; x_wconf 87' lang='lat' dir='ltr'><strong>patris</strong></span> <span class='ocrx_word' id='word_1_119' title='bbox 734 2245 866 2321; x_wconf 89' lang='lat' dir='ltr'><strong>reliquit.</strong></span> 
     </span>
    </p>

    <p class='ocr_par' dir='ltr' id='par_1_8' title="bbox 147 2348 1074 2957">
     <span class='ocr_line' id='line_1_19' title="bbox 188 2348 1054 2428; baseline 0.005 -23"><span class='ocrx_word' id='word_1_120' title='bbox 188 2348 319 2406; x_wconf 84' lang='lat' dir='ltr'><strong>Accedit</strong></span> <span class='ocrx_word' id='word_1_121' title='bbox 329 2349 459 2406; x_wconf 85' lang='lat' dir='ltr'><strong>lacrimis</strong></span> <span class='ocrx_word' id='word_1_122' title='bbox 474 2355 558 2421; x_wconf 91' lang='lat' dir='ltr'><strong>meis,</strong></span> <span class='ocrx_word' id='word_1_123' title='bbox 571 2351 652 2428; x_wconf 90' lang='lat' dir='ltr'><strong>quod</strong></span> <span class='ocrx_word' id='word_1_124' title='bbox 666 2351 775 2408; x_wconf 86' lang='lat' dir='ltr'><strong>absens</strong></span> <span class='ocrx_word' id='word_1_125' title='bbox 799 2358 832 2408; x_wconf 90' lang='lat' dir='ltr'><strong>et</strong></span> <span class='ocrx_word' id='word_1_126' title='bbox 846 2350 1054 2427; x_wconf 89' lang='lat' dir='ltr'><strong>impendentis</strong></span> 
     </span>
     <span class='ocr_line' id='line_1_20' title="bbox 148 2455 1053 2534; baseline 0.003 -24"><span class='ocrx_word' id='word_1_127' title='bbox 148 2455 219 2511; x_wconf 87' lang='lat' dir='ltr'><strong>mali</strong></span> <span class='ocrx_word' id='word_1_128' title='bbox 244 2459 363 2512; x_wconf 86' lang='lat' dir='ltr'><strong>nescius</strong></span> <span class='ocrx_word' id='word_1_129' title='bbox 382 2461 495 2532; x_wconf 90' lang='lat' dir='ltr'><strong>pariter</strong></span> <span class='ocrx_word' id='word_1_130' title='bbox 509 2477 643 2534; x_wconf 84' lang='lat' dir='ltr'><strong>aegrum,</strong></span> <span class='ocrx_word' id='word_1_131' title='bbox 665 2461 779 2533; x_wconf 89' lang='lat' dir='ltr'><strong>pariter</strong></span> <span class='ocrx_word' id='word_1_132' title='bbox 798 2456 963 2513; x_wconf 88' lang='lat' dir='ltr'><strong>decessisse</strong></span> <span class='ocrx_word' id='word_1_133' title='bbox 983 2477 1053 2532; x_wconf 87' lang='lat' dir='ltr'><strong>cog-</strong></span> 
     </span>
     <span class='ocr_line' id='line_1_21' title="bbox 147 2563 1074 2638; baseline 0.002 -19"><span class='ocrx_word' id='word_1_134' title='bbox 147 2566 227 2632; x_wconf 89' lang='lat' dir='ltr'><strong>novi,</strong></span> <span class='ocrx_word' id='word_1_135' title='bbox 242 2582 282 2620; x_wconf 92' lang='lat' dir='ltr'><strong>ne</strong></span> <span class='ocrx_word' id='word_1_136' title='bbox 296 2567 471 2638; x_wconf 87' lang='lat' dir='ltr'><strong>gravissimo</strong></span> <span class='ocrx_word' id='word_1_137' title='bbox 492 2563 588 2622; x_wconf 88' lang='lat' dir='ltr'><strong>dolori</strong></span> <span class='ocrx_word' id='word_1_138' title='bbox 605 2569 714 2622; x_wconf 89' lang='lat' dir='ltr'><strong>timore</strong></span> <span class='ocrx_word' id='word_1_139' title='bbox 734 2583 971 2622; x_wconf 90' lang='lat' dir='ltr'><strong>consuescerem.</strong></span> <span class='ocrx_word' id='word_1_140' title='bbox 1016 2565 1054 2621; x_wconf 95' lang='lat' dir='ltr'><strong>ln</strong></span> <span class='ocrx_word' id='word_1_141' title='bbox 1072 2616 1074 2620; x_wconf 18' lang='lat' dir='ltr'><strong>a</strong></span> 
     </span>
     <span class='ocr_line' id='line_1_22' title="bbox 147 2670 1054 2742; baseline 0.003 -18"><span class='ocrx_word' id='word_1_142' title='bbox 147 2672 241 2726; x_wconf 87' lang='lat' dir='ltr'><strong>tantis</strong></span> <span class='ocrx_word' id='word_1_143' title='bbox 250 2674 410 2727; x_wconf 88' lang='lat' dir='ltr'><strong>tormentis</strong></span> <span class='ocrx_word' id='word_1_144' title='bbox 424 2691 515 2742; x_wconf 89' lang='lat' dir='ltr'><strong>eram,</strong></span> <span class='ocrx_word' id='word_1_145' title='bbox 528 2691 596 2728; x_wconf 91' lang='lat' dir='ltr'><strong>cum</strong></span> <span class='ocrx_word' id='word_1_146' title='bbox 611 2673 773 2730; x_wconf 87' lang='lat' dir='ltr'><strong>scriberem</strong></span> <span class='ocrx_word' id='word_1_147' title='bbox 788 2670 873 2740; x_wconf 89' lang='lat' dir='ltr'><strong>haec,</strong></span> <span class='ocrx_word' id='word_1_148' title='bbox 889 2671 1054 2728; x_wconf 88' lang='lat' dir='ltr'><strong>scriberem</strong></span> 
     </span>
     <span class='ocr_line' id='line_1_23' title="bbox 147 2775 1053 2856; baseline 0.003 -24"><span class='ocrx_word' id='word_1_149' title='bbox 147 2775 227 2843; x_wconf 82' lang='lat' dir='ltr'><strong>sola3</strong></span> <span class='ocrx_word' id='word_1_150' title='bbox 249 2795 350 2853; x_wconf 90' lang='lat' dir='ltr'><strong>neque</strong></span> <span class='ocrx_word' id='word_1_151' title='bbox 371 2781 452 2834; x_wconf 92' lang='lat' dir='ltr'><strong>enim</strong></span> <span class='ocrx_word' id='word_1_152' title='bbox 468 2799 549 2835; x_wconf 91' lang='lat' dir='ltr'><strong>nunc</strong></span> <span class='ocrx_word' id='word_1_153' title='bbox 572 2778 654 2836; x_wconf 84' lang='lat' dir='ltr'><strong>aliud</strong></span> <span class='ocrx_word' id='word_1_154' title='bbox 674 2787 727 2836; x_wconf 89' lang='lat' dir='ltr'><strong>aut</strong></span> <span class='ocrx_word' id='word_1_155' title='bbox 747 2781 881 2856; x_wconf 88' lang='lat' dir='ltr'><strong>cogitare</strong></span> <span class='ocrx_word' id='word_1_156' title='bbox 902 2786 956 2834; x_wconf 90' lang='lat' dir='ltr'><strong>aut</strong></span> <span class='ocrx_word' id='word_1_157' title='bbox 970 2777 1053 2855; x_wconf 92' lang='lat' dir='ltr'><strong>loqui</strong></span> 
     </span>
     <span class='ocr_line' id='line_1_24' title="bbox 147 2882 403 2957; baseline 0.016 -20"><span class='ocrx_word' id='word_1_158' title='bbox 147 2901 276 2957; x_wconf 88' lang='lat' dir='ltr'><strong>possum.</strong></span> <span class='ocrx_word' id='word_1_159' title='bbox 320 2882 403 2941; x_wconf 84' lang='lat' dir='ltr'><strong>Vale.</strong></span> 
     </span>
    </p>
   </div>
   <div class='ocr_carea' id='block_1_7' title="bbox 147 3028 1054 3231">
    <p class='ocr_par' dir='ltr' id='par_1_9' title="bbox 147 3028 1054 3231">
     <span class='ocr_line' id='line_1_25' title="bbox 179 3028 1053 3098; baseline 0.003 -23"><span class='ocrx_word' id='word_1_160' title='bbox 179 3036 192 3057; x_wconf 75' lang='lat'><em>⁰</em></span> <span class='ocrx_word' id='word_1_161' title='bbox 209 3028 261 3076; x_wconf 86' lang='lat' dir='ltr'><strong>Lit.</strong></span> <span class='ocrx_word' id='word_1_162' title='bbox 280 3029 358 3078; x_wconf 90' lang='lat' dir='ltr'><strong>“had</strong></span> <span class='ocrx_word' id='word_1_163' title='bbox 371 3031 452 3080; x_wconf 86' lang='lat' dir='ltr'><strong>taken</strong></span> <span class='ocrx_word' id='word_1_164' title='bbox 465 3048 501 3095; x_wconf 90' lang='lat' dir='ltr'><strong>up</strong></span> <span class='ocrx_word' id='word_1_165' title='bbox 513 3031 579 3080; x_wconf 82' lang='lat' dir='ltr'><strong>from</strong></span> <span class='ocrx_word' id='word_1_166' title='bbox 592 3033 639 3082; x_wconf 87' lang='lat' dir='ltr'><strong>the</strong></span> <span class='ocrx_word' id='word_1_167' title='bbox 650 3031 752 3098; x_wconf 84' lang='lat' dir='ltr'><strong>ground</strong></span> <span class='ocrx_word' id='word_1_168' title='bbox 760 3031 792 3090; x_wconf 73' lang='lat'><strong>”5</strong></span> <span class='ocrx_word' id='word_1_169' title='bbox 812 3031 857 3081; x_wconf 83' lang='lat' dir='ltr'><strong>tlrc</strong></span> <span class='ocrx_word' id='word_1_170' title='bbox 866 3047 1005 3092; x_wconf 86' lang='lat' dir='ltr'><strong>oeremony</strong></span> <span class='ocrx_word' id='word_1_171' title='bbox 1016 3029 1053 3095; x_wconf 86' lang='lat' dir='ltr'><strong>by</strong></span> 
     </span>
     <span class='ocr_line' id='line_1_26' title="bbox 147 3093 1054 3158; baseline 0.007 -17"><span class='ocrx_word' id='word_1_172' title='bbox 147 3093 233 3142; x_wconf 86' lang='lat' dir='ltr'><strong>which</strong></span> <span class='ocrx_word' id='word_1_173' title='bbox 245 3109 261 3142; x_wconf 87' lang='lat' dir='ltr'><strong>a</strong></span> <span class='ocrx_word' id='word_1_174' title='bbox 273 3093 362 3144; x_wconf 84' lang='lat' dir='ltr'><strong>father</strong></span> <span class='ocrx_word' id='word_1_175' title='bbox 373 3095 505 3146; x_wconf 83' lang='lat' dir='ltr'><strong>admitted</strong></span> <span class='ocrx_word' id='word_1_176' title='bbox 517 3113 533 3145; x_wconf 90' lang='lat' dir='ltr'><strong>a</strong></span> <span class='ocrx_word' id='word_1_177' title='bbox 544 3097 680 3146; x_wconf 87' lang='lat' dir='ltr'><strong>new-born</strong></span> <span class='ocrx_word' id='word_1_178' title='bbox 697 3097 769 3146; x_wconf 89' lang='lat' dir='ltr'><strong>child</strong></span> <span class='ocrx_word' id='word_1_179' title='bbox 783 3097 880 3158; x_wconf 86' lang='lat' dir='ltr'><strong>(which</strong></span> <span class='ocrx_word' id='word_1_180' title='bbox 896 3097 930 3145; x_wconf 91' lang='lat' dir='ltr'><strong>hc</strong></span> <span class='ocrx_word' id='word_1_181' title='bbox 940 3095 994 3146; x_wconf 88' lang='lat' dir='ltr'><strong>had</strong></span> <span class='ocrx_word' id='word_1_182' title='bbox 1007 3096 1054 3148; x_wconf 86' lang='lat' dir='ltr'><strong>the</strong></span> 
     </span>
     <span class='ocr_line' id='line_1_27' title="bbox 147 3158 896 3231; baseline 0.008 -25"><span class='ocrx_word' id='word_1_183' title='bbox 147 3158 218 3223; x_wconf 87' lang='lat' dir='ltr'><strong>right</strong></span> <span class='ocrx_word' id='word_1_184' title='bbox 231 3163 260 3208; x_wconf 89' lang='lat' dir='ltr'><strong>to</strong></span> <span class='ocrx_word' id='word_1_185' title='bbox 272 3175 330 3209; x_wconf 86' lang='lat' dir='ltr'><strong>rear</strong></span> <span class='ocrx_word' id='word_1_186' title='bbox 341 3177 371 3208; x_wconf 92' lang='lat' dir='ltr'><strong>or</strong></span> <span class='ocrx_word' id='word_1_187' title='bbox 383 3167 438 3221; x_wconf 80' lang='lat' dir='ltr'><strong>not,</strong></span> <span class='ocrx_word' id='word_1_188' title='bbox 452 3177 481 3210; x_wconf 84' lang='lat' dir='ltr'><strong>as</strong></span> <span class='ocrx_word' id='word_1_189' title='bbox 493 3163 526 3212; x_wconf 89' lang='lat' dir='ltr'><strong>he</strong></span> <span class='ocrx_word' id='word_1_190' title='bbox 538 3163 654 3230; x_wconf 86' lang='lat' dir='ltr'><strong>pleased)</strong></span> <span class='ocrx_word' id='word_1_191' title='bbox 666 3163 724 3215; x_wconf 80' lang='lat' dir='ltr'><strong>into</strong></span> <span class='ocrx_word' id='word_1_192' title='bbox 736 3163 783 3214; x_wconf 86' lang='lat' dir='ltr'><strong>tbe</strong></span> <span class='ocrx_word' id='word_1_193' title='bbox 794 3162 896 3231; x_wconf 81' lang='lat' dir='ltr'><strong>family.</strong></span> 
     </span>
    </p>
   </div>
   <div class='ocr_carea' id='block_1_8' title="bbox 153 3321 208 3382">
    <p class='ocr_par' dir='ltr' id='par_1_10' title="bbox 153 3321 208 3382">
     <span class='ocr_line' id='line_1_28' title="bbox 153 3321 208 3382; baseline 0.091 -7"><span class='ocrx_word' id='word_1_194' title='bbox 153 3321 208 3382; x_wconf 82' lang='lat'><strong>166</strong></span> 
     </span>
    </p>
   </div>
   <div class='ocr_carea' id='block_1_9' title="bbox 0 79 1186 3794">
    <p class='ocr_par' dir='ltr' id='par_1_11' title="bbox 0 79 1186 3794">
     <span class='ocr_line' id='line_1_29' title="bbox 0 79 1186 3794; baseline 0 2"><span class='ocrx_word' id='word_1_195' title='bbox 0 79 1186 3794; x_wconf 95' lang='lat' dir='ltr'><strong> </strong></span> 
     </span>
    </p>
   </div>
  </div>
 </body>
</html>
