2362 3794
362 387 451 446 THE
482 385 665 446 LETTERS
694 385 749 446 OF
778 385 902 446 PLINY

177 548 332 625 προγόνους
348 547 542 623 ὑπολαμβάνω
556 549 591 605 τὰ
605 546 770 621 δικαστήρια
784 550 871 605 ταῦτα
887 545 1080 622 οἰκοδομῆσαι,

179 663 223 722 ἵνα
244 662 307 725 τοὺς
323 663 465 725 τοιούτους
478 664 507 721 ἐν
521 665 615 725 αὐτοῖς
627 660 808 741 μοσχεύητε.1
850 660 981 720 Adhuc:
1001 665 1037 721 Et
1056 661 1085 720 δὲ

179 777 305 852 κάπηλός
320 781 381 836 ε’στι
391 776 524 853 πονηρίας
534 776 582 834 καὶ
594 777 811 854 παλιγκάπηλος
825 777 872 835 καὶ
884 773 1086 852 μεταβολεύς-ε

181 890 222 948 Et
244 889 327 948 mille
349 889 442 958 talia;
472 897 506 948 ut
530 899 729 966 praeteream,
749 910 827 968 quae
847 891 886 948 ab
907 889 1089 949 Aeschine³

132 1053 136 1064 ι
180 1006 318 1082 θαύματα,
332 1026 394 1062 non
406 1007 528 1082 ῥήματα,
541 1012 695 1062 vocantur.

222 1127 259 1184 ln
274 1131 457 1184 contrarium
471 1125 573 1183 incidi.
618 1126 720 1200 Dices,
734 1128 816 1185 hunc
836 1148 957 1206 quoque
971 1131 1012 1187 ab
1025 1133 1084 1187 isto

182 1241 304 1318 culpart
348 1241 410 1299 Sed
424 1241 504 1312 vide,
526 1250 641 1319 quanto
665 1246 760 1301 maior
781 1248 831 1313 sit,
846 1248 898 1321 qui
921 1243 1087 1320 reprehen-

182 1357 275 1428 ditur,
289 1360 354 1432 ipso
368 1355 636 1433 reprehendente;
657 1366 690 1415 et
703 1361 798 1415 maior
812 1359 851 1415 ob
862 1358 938 1416 haec
953 1379 1084 1437 quoque.

183 1465 219 1520 In
234 1457 299 1522 aliis
314 1467 395 1521 enim
411 1467 465 1535 via,
479 1467 512 1519 in
526 1463 573 1520 his
597 1465 752 1540 granditas
767 1469 831 1522 eius
846 1465 956 1526 elucet.
1003 1466 1086 1523 Num

180 1579 284 1629 autem
318 1569 488 1627 Aeschines
522 1575 587 1646 ipse
621 1575 669 1643 iis,
696 1591 773 1648 quae
807 1576 840 1629 in
872 1571 1086 1630 Demosthene

182 1679 334 1754 carpebat,
355 1677 527 1734 abstinuit?
548 1679 613 1754 Χρὴ
633 1679 698 1756 γάρ,
721 1678 742 1736 ὣ
764 1678 860 1756 ἄνδρες
879 1679 1033 1754 Ἀθηναῖοι,
1054 1679 1090 1738 τὸ

183 1786 249 1845 αὐτὸ
264 1783 443 1863 φθέγγεσθαι
455 1785 505 1844 τὸν
512 1785 619 1862 ῥήτορα
632 1784 679 1843 καὶ
692 1786 741 1844 τὸν
754 1785 849 1862 νόμον·
872 1786 941 1845 ὅταν
955 1785 979 1844 δ’
991 1785 1090 1862 ἑτέραν

181 1895 233 1969 μὲν
247 1893 343 1969 φωνὴν
357 1893 430 1970 ἀφιῇ
443 1894 460 1952 ὁ
474 1893 567 1970 νόμος,
580 1893 676 1970 ἑτέραν
690 1892 720 1952 δὲ
733 1895 749 1952 ὁ
762 1892 990 1970 ῥήτωρ.4-ΑΙίο
1000 1891 1068 1950 loco
1082 1911 1090 1949 ε

177 2007 190 2030 ‚7
258 2017 261 2024 .
323 2003 332 2023 a
418 1999 426 2022 ι
570 2000 578 2022 ι
630 2000 638 2023 κ
733 2004 740 2024 ι
799 1987 816 2020 a'
903 1999 912 2021 ι
1062 1999 1071 2021 a

190 2006 296 2059 Errare
317 2006 500 2076 αναφαινεται
515 2025 580 2078 περι
598 2025 709 2060 παντων
727 2025 757 2058 εν
774 2024 813 2078 τῳ
833 2006 1000 2077 ψηφισματι
1019 2025 1092 2078 προς

182 2110 220 2186 τῷ
248 2107 388 2183 κλέμματι
407 2107 520 2184 γράψας
546 2108 582 2166 τὰ
602 2107 684 2166 πέντε
707 2106 840 2178 τάλαντα,
863 2106 929 2170 τοὺς
951 2105 1092 2184 πρέσβεις

182 2213 265 2284 ἀξιῶν
285 2213 349 2276 τοὺς
365 2212 492 2290 Ὠρείτας
511 2214 553 2290 μὴ
571 2215 638 2290 ἡμῖν
658 2214 736 2273 ἀλλὰ
757 2211 874 2292 Καλλία
891 2211 1003 2274 διδόναι.
1046 2213 1093 2272 ὅτι

183 2320 212 2379 δὲ
226 2322 319 2397 ἀληθῆ
339 2321 422 2400 λέγω,
439 2323 554 2397 ἀφελὼν
567 2322 616 2380 τὸν
636 2321 755 2410 κομτόν,
770 2319 881 2383 καὶτὰς
898 2320 1026 2397 τριήρεις,
1044 2318 1093 2379 καὶ

109 2481 113 2486 .
183 2428 234 2503 τὴν
255 2427 426 2500 ἀλαζονείαν,
443 2431 473 2486 ἐκ
495 2431 545 2487 τοῦ
566 2426 752 2507 ψηφίσματος
773 2425 935 2506 ἄνόγνιυθι.5
972 2425 1091 2484 Iterum

183 2533 262 2592 alio:
283 2533 341 2594 Καὶ
361 2535 401 2611 μὴ
422 2539 484 2594 ἔᾶτε
505 2535 589 2595 αιἰτὸν
609 2537 647 2598 εἰς
667 2535 732 2598 τοὺς
747 2538 798 2595 τοῦ
810 2535 973 2612 παρανόμου
986 2536 1093 2613 λόγους

183 2642 405 2720 περιΐστασθαι.ὅ
434 2642 525 2714 Quod
546 2642 623 2700 adeo
638 2643 786 2719 probavit,
801 2650 838 2700 ut
851 2649 980 2719 repetat,
996 2641 1093 2701 Ἀλλὰ

185 2750 368 2829 ἐγκαθήμενοι
382 2750 428 2808 καὶ
443 2749 628 2828 ἐνεδρεύοντες
648 2753 677 2808 ἐν
697 2749 733 2826 τῇ
755 2747 893 2827 ἐκκλησία
913 2751 1092 2808 εἰσελαύνετε

184 2856 268 2915 αὐτὸν
292 2859 331 2918 εἷς
350 2857 415 2920 τοὺς
434 2861 484 2916 τοῦ
504 2857 668 2933 παρανόμου
683 2857 796 2934 λόγους,
817 2854 863 2914 καὶ
883 2854 933 2918 τὰς
954 2856 1094 2932 ε’κτροπὰς

184 2965 270 3022 αῧτοῢ
296 2966 350 3022 τῶν
383 2963 478 3041 λόγων
512 2961 688 3040 ἐπιτηρεῖτε,7
737 2962 787 3019 An
822 2962 874 3019 illa
908 2961 1092 3020 custoditius

267 3101 276 3133 ¹
294 3103 367 3152 Dem.
383 3119 444 3152 xxv⁴
459 3104 498 3154 48.
567 3101 578 3132 ²
594 3103 626 3152 ib.
641 3104 680 3152 46.
750 3102 761 3134 ⁸
779 3103 870 3152 Aesch.
887 3101 950 3152 Ores.
961 3103 1022 3155 167.

266 3166 277 3198 ⁴
294 3168 325 3217 ib.
343 3169 379 3217 16.
567 3166 578 3198 ⁶
595 3168 626 3216 ib.
644 3169 697 3218 101.
825 3167 836 3198 ⁰
853 3167 886 3217 ib.
899 3168 955 3217 206,

268 3231 280 3264 ⁷
298 3233 428 3282 Τιύιονολ.
446 3231 500 3286 176.

188 3326 246 3400 238
