<?xml version="1.0" encoding="UTF-8"?>
<!DOCTYPE html PUBLIC "-//W3C//DTD XHTML 1.0 Transitional//EN"
    "http://www.w3.org/TR/xhtml1/DTD/xhtml1-transitional.dtd">
<html xmlns="http://www.w3.org/1999/xhtml" xml:lang="en" lang="en">
 <head>
  <title>
</title>
<meta http-equiv="Content-Type" content="text/html;charset=utf-8" />
  <meta name='ocr-system' content='tesseract 3.04.00' />
  <meta name='ocr-capabilities' content='ocr_page ocr_carea ocr_par ocr_line ocrx_word'/>
</head>
<body>
  <div class='ocr_page' id='page_1' title='image "./letters00hutcgoog/letters00hutcgoog_0307.png"; bbox 0 0 2352 3802; ppageno 0'>
   <div class='ocr_carea' id='block_1_1' title="bbox 347 419 954 479">
    <p class='ocr_par' dir='ltr' id='par_1_1' title="bbox 347 419 954 479">
     <span class='ocr_line' id='line_1_1' title="bbox 347 419 954 479; baseline 0 -3"><span class='ocrx_word' id='word_1_1' title='bbox 347 419 436 477; x_wconf 86' lang='lat' dir='ltr'><strong>THE</strong></span> <span class='ocrx_word' id='word_1_2' title='bbox 465 419 649 479; x_wconf 84' lang='lat' dir='ltr'><strong>LETTERS</strong></span> <span class='ocrx_word' id='word_1_3' title='bbox 677 421 733 477; x_wconf 90' lang='lat' dir='ltr'><strong>OF</strong></span> <span class='ocrx_word' id='word_1_4' title='bbox 759 420 886 477; x_wconf 92' lang='lat' dir='ltr'>PLINY</span> <span class='ocrx_word' id='word_1_5' title='bbox 951 448 954 452; x_wconf 46' lang='lat'><strong>⁴</strong></span> 
     </span>
    </p>
   </div>
   <div class='ocr_carea' id='block_1_2' title="bbox 105 577 1071 1825">
    <p class='ocr_par' dir='ltr' id='par_1_2' title="bbox 105 577 1071 1825">
     <span class='ocr_line' id='line_1_2' title="bbox 164 577 1070 654; baseline 0.003 -20"><span class='ocrx_word' id='word_1_6' title='bbox 164 577 239 635; x_wconf 89' lang='lat' dir='ltr'><strong>culis</strong></span> <span class='ocrx_word' id='word_1_7' title='bbox 248 587 373 635; x_wconf 86' lang='lat' dir='ltr'><strong>vexatus</strong></span> <span class='ocrx_word' id='word_1_8' title='bbox 383 578 521 654; x_wconf 87' lang='lat' dir='ltr'><strong>Pergami</strong></span> <span class='ocrx_word' id='word_1_9' title='bbox 530 579 659 636; x_wconf 88' lang='lat' dir='ltr'><strong>substiti.</strong></span> <span class='ocrx_word' id='word_1_10' title='bbox 684 579 805 650; x_wconf 87' lang='lat' dir='ltr'><strong>Rursus,</strong></span> <span class='ocrx_word' id='word_1_11' title='bbox 817 599 887 635; x_wconf 92' lang='lat' dir='ltr'><strong>cum</strong></span> <span class='ocrx_word' id='word_1_12' title='bbox 895 583 1070 637; x_wconf 91' lang='lat' dir='ltr'><strong>transissem</strong></span> 
     </span>
     <span class='ocr_line' id='line_1_3' title="bbox 164 683 1071 762; baseline 0.003 -23"><span class='ocrx_word' id='word_1_13' title='bbox 164 688 195 740; x_wconf 94' lang='lat' dir='ltr'><strong>in</strong></span> <span class='ocrx_word' id='word_1_14' title='bbox 204 688 313 741; x_wconf 89' lang='lat' dir='ltr'><strong>orarias</strong></span> <span class='ocrx_word' id='word_1_15' title='bbox 322 684 483 754; x_wconf 73' lang='lat' dir='ltr'><strong>navicuiaS,</strong></span> <span class='ocrx_word' id='word_1_16' title='bbox 495 689 651 742; x_wconf 78' lang='lat' dir='ltr'><strong>contrariis</strong></span> <span class='ocrx_word' id='word_1_17' title='bbox 660 689 760 742; x_wconf 91' lang='lat' dir='ltr'><strong>ventis</strong></span> <span class='ocrx_word' id='word_1_18' title='bbox 767 683 907 742; x_wconf 87' lang='lat' dir='ltr'><strong>retentus</strong></span> <span class='ocrx_word' id='word_1_19' title='bbox 915 685 1071 762; x_wconf 87' lang='lat' dir='ltr'><strong>aliquanto</strong></span> 
     </span>
     <span class='ocr_line' id='line_1_4' title="bbox 163 790 1071 868; baseline 0.003 -21"><span class='ocrx_word' id='word_1_20' title='bbox 163 790 289 861; x_wconf 82' lang='lat' dir='ltr'><strong>tardius,</strong></span> <span class='ocrx_word' id='word_1_21' title='bbox 309 811 399 868; x_wconf 87' lang='lat' dir='ltr'><strong>quam</strong></span> <span class='ocrx_word' id='word_1_22' title='bbox 421 810 619 867; x_wconf 84' lang='lat' dir='ltr'><strong>speraveram,</strong></span> <span class='ocrx_word' id='word_1_23' title='bbox 640 790 672 847; x_wconf 93' lang='lat' dir='ltr'><strong>id</strong></span> <span class='ocrx_word' id='word_1_24' title='bbox 693 797 740 848; x_wconf 88' lang='lat' dir='ltr'><strong>est</strong></span> <span class='ocrx_word' id='word_1_25' title='bbox 761 809 799 846; x_wconf 85' lang='lat' dir='ltr'><strong>xv</strong></span> <span class='ocrx_word' id='word_1_26' title='bbox 821 790 887 848; x_wconf 77' lang='lat' dir='ltr'><strong>Kal.</strong></span> <span class='ocrx_word' id='word_1_27' title='bbox 910 790 1071 863; x_wconf 84' lang='lat' dir='ltr'><strong>Octobres,</strong></span> 
     </span>
     <span class='ocr_line' id='line_1_5' title="bbox 165 896 1071 973; baseline 0.002 -21"><span class='ocrx_word' id='word_1_28' title='bbox 165 896 339 973; x_wconf 82' lang='lat' dir='ltr'><strong>Bithyniam</strong></span> <span class='ocrx_word' id='word_1_29' title='bbox 374 900 492 954; x_wconf 83' lang='lat' dir='ltr'><strong>intravi.</strong></span> <span class='ocrx_word' id='word_1_30' title='bbox 537 897 607 954; x_wconf 89' lang='lat' dir='ltr'><strong>Non</strong></span> <span class='ocrx_word' id='word_1_31' title='bbox 636 916 758 972; x_wconf 91' lang='lat' dir='ltr'><strong>possum</strong></span> <span class='ocrx_word' id='word_1_32' title='bbox 785 905 891 954; x_wconf 86' lang='lat' dir='ltr'><strong>tamen</strong></span> <span class='ocrx_word' id='word_1_33' title='bbox 919 897 958 954; x_wconf 90' lang='lat' dir='ltr'><strong>de</strong></span> <span class='ocrx_word' id='word_1_34' title='bbox 986 918 1071 955; x_wconf 88' lang='lat' dir='ltr'><strong>mora</strong></span> 
     </span>
     <span class='ocr_line' id='line_1_6' title="bbox 164 1004 1070 1081; baseline 0.004 -23"><span class='ocrx_word' id='word_1_35' title='bbox 164 1007 259 1079; x_wconf 91' lang='lat' dir='ltr'><strong>queri,</strong></span> <span class='ocrx_word' id='word_1_36' title='bbox 274 1023 343 1059; x_wconf 91' lang='lat' dir='ltr'><strong>curn</strong></span> <span class='ocrx_word' id='word_1_37' title='bbox 357 1004 431 1059; x_wconf 91' lang='lat' dir='ltr'><strong>mihi</strong></span> <span class='ocrx_word' id='word_1_38' title='bbox 440 1008 613 1080; x_wconf 85' lang='lat' dir='ltr'><strong>contigerit,</strong></span> <span class='ocrx_word' id='word_1_39' title='bbox 623 1004 703 1081; x_wconf 91' lang='lat' dir='ltr'><strong>quod</strong></span> <span class='ocrx_word' id='word_1_40' title='bbox 714 1012 779 1062; x_wconf 83' lang='lat' dir='ltr'><strong>erat</strong></span> <span class='ocrx_word' id='word_1_41' title='bbox 789 1008 1070 1081; x_wconf 82' lang='lat' dir='ltr'><strong>auspicatissimum,</strong></span> 
     </span>
     <span class='ocr_line' id='line_1_7' title="bbox 164 1109 1071 1188; baseline 0.006 -23"><span class='ocrx_word' id='word_1_42' title='bbox 164 1109 295 1167; x_wconf 87' lang='lat' dir='ltr'><strong>natalem</strong></span> <span class='ocrx_word' id='word_1_43' title='bbox 331 1119 420 1167; x_wconf 92' lang='lat' dir='ltr'><strong>tuum</strong></span> <span class='ocrx_word' id='word_1_44' title='bbox 453 1115 486 1168; x_wconf 92' lang='lat' dir='ltr'><strong>in</strong></span> <span class='ocrx_word' id='word_1_45' title='bbox 513 1115 666 1188; x_wconf 90' lang='lat' dir='ltr'><strong>provincia</strong></span> <span class='ocrx_word' id='word_1_46' title='bbox 694 1111 855 1170; x_wconf 89' lang='lat' dir='ltr'><strong>celebrare.</strong></span> <span class='ocrx_word' id='word_1_47' title='bbox 908 1111 998 1169; x_wconf 94' lang='lat' dir='ltr'><strong>Nunc</strong></span> <span class='ocrx_word' id='word_1_48' title='bbox 1027 1117 1071 1170; x_wconf 89' lang='lat' dir='ltr'><strong>rei</strong></span> 
     </span>
     <span class='ocr_line' id='line_1_8' title="bbox 163 1216 1071 1294; baseline 0.006 -22"><span class='ocrx_word' id='word_1_49' title='bbox 163 1216 302 1292; x_wconf 86' lang='lat' dir='ltr'><strong>publicae</strong></span> <span class='ocrx_word' id='word_1_50' title='bbox 339 1216 530 1274; x_wconf 88' lang='lat' dir='ltr'><strong>Prusensium</strong></span> <span class='ocrx_word' id='word_1_51' title='bbox 564 1218 728 1294; x_wconf 90' lang='lat' dir='ltr'><strong>impendia,</strong></span> <span class='ocrx_word' id='word_1_52' title='bbox 755 1218 881 1289; x_wconf 88' lang='lat' dir='ltr'><strong>reditus,</strong></span> <span class='ocrx_word' id='word_1_53' title='bbox 916 1219 1071 1277; x_wconf 87' lang='lat' dir='ltr'><strong>debitores</strong></span> 
     </span>
     <span class='ocr_line' id='line_1_9' title="bbox 164 1323 1071 1401; baseline 0.004 -23"><span class='ocrx_word' id='word_1_54' title='bbox 164 1327 302 1390; x_wconf 81' lang='lat' dir='ltr'><strong>excuti03</strong></span> <span class='ocrx_word' id='word_1_55' title='bbox 323 1323 404 1400; x_wconf 92' lang='lat' dir='ltr'><strong>quod</strong></span> <span class='ocrx_word' id='word_1_56' title='bbox 439 1343 477 1380; x_wconf 88' lang='lat' dir='ltr'><strong>ex</strong></span> <span class='ocrx_word' id='word_1_57' title='bbox 505 1327 570 1399; x_wconf 90' lang='lat' dir='ltr'><strong>ipso</strong></span> <span class='ocrx_word' id='word_1_58' title='bbox 604 1332 736 1381; x_wconf 87' lang='lat' dir='ltr'><strong>tractatu</strong></span> <span class='ocrx_word' id='word_1_59' title='bbox 772 1329 869 1400; x_wconf 82' lang='lat' dir='ltr'><strong>magis</strong></span> <span class='ocrx_word' id='word_1_60' title='bbox 904 1346 938 1381; x_wconf 90' lang='lat' dir='ltr'><strong>ac</strong></span> <span class='ocrx_word' id='word_1_61' title='bbox 973 1330 1071 1401; x_wconf 86' lang='lat' dir='ltr'><strong>magis</strong></span> 
     </span>
     <span class='ocr_line' id='line_1_10' title="bbox 162 1428 1071 1507; baseline 0.003 -22"><span class='ocrx_word' id='word_1_62' title='bbox 162 1433 364 1486; x_wconf 86' lang='lat' dir='ltr'><strong>necessarium</strong></span> <span class='ocrx_word' id='word_1_63' title='bbox 378 1428 533 1505; x_wconf 79' lang='lat' dir='ltr'><strong>intellego,</strong></span> <span class='ocrx_word' id='word_1_64' title='bbox 579 1430 695 1488; x_wconf 77' lang='lat' dir='ltr'><strong>Multae</strong></span> <span class='ocrx_word' id='word_1_65' title='bbox 710 1434 791 1488; x_wconf 91' lang='lat' dir='ltr'><strong>euim</strong></span> <span class='ocrx_word' id='word_1_66' title='bbox 813 1435 960 1507; x_wconf 88' lang='lat' dir='ltr'><strong>pecuniae</strong></span> <span class='ocrx_word' id='word_1_67' title='bbox 982 1435 1071 1488; x_wconf 87' lang='lat' dir='ltr'><strong>variis</strong></span> 
     </span>
     <span class='ocr_line' id='line_1_11' title="bbox 105 1536 1070 1614; baseline 0.002 -22"><span class='ocrx_word' id='word_1_68' title='bbox 105 1569 110 1582; x_wconf 86' lang='lat'><strong>·</strong></span> <span class='ocrx_word' id='word_1_69' title='bbox 163 1555 201 1592; x_wconf 83' lang='lat' dir='ltr'><strong>ex</strong></span> <span class='ocrx_word' id='word_1_70' title='bbox 223 1539 318 1593; x_wconf 86' lang='lat' dir='ltr'><strong>causis</strong></span> <span class='ocrx_word' id='word_1_71' title='bbox 339 1556 356 1590; x_wconf 89' lang='lat' dir='ltr'><strong>a</strong></span> <span class='ocrx_word' id='word_1_72' title='bbox 377 1539 500 1612; x_wconf 85' lang='lat' dir='ltr'><strong>privatis</strong></span> <span class='ocrx_word' id='word_1_73' title='bbox 521 1536 719 1605; x_wconf 89' lang='lat' dir='ltr'><strong>detinentur;</strong></span> <span class='ocrx_word' id='word_1_74' title='bbox 740 1545 899 1613; x_wconf 87' lang='lat' dir='ltr'><strong>praeterea</strong></span> <span class='ocrx_word' id='word_1_75' title='bbox 920 1537 1070 1614; x_wconf 87' lang='lat' dir='ltr'><strong>quaedam</strong></span> 
     </span>
     <span class='ocr_line' id='line_1_12' title="bbox 163 1642 1070 1719; baseline 0.006 -24"><span class='ocrx_word' id='word_1_76' title='bbox 163 1645 288 1698; x_wconf 91' lang='lat' dir='ltr'><strong>minime</strong></span> <span class='ocrx_word' id='word_1_77' title='bbox 316 1642 461 1718; x_wconf 84' lang='lat' dir='ltr'><strong>legitimis</strong></span> <span class='ocrx_word' id='word_1_78' title='bbox 483 1644 653 1718; x_wconf 89' lang='lat' dir='ltr'><strong>sumptibus</strong></span> <span class='ocrx_word' id='word_1_79' title='bbox 675 1651 847 1719; x_wconf 88' lang='lat' dir='ltr'><strong>erogantur.</strong></span> <span class='ocrx_word' id='word_1_80' title='bbox 893 1645 980 1701; x_wconf 88' lang='lat' dir='ltr'><strong>Haec</strong></span> <span class='ocrx_word' id='word_1_81' title='bbox 1001 1645 1070 1714; x_wconf 94' lang='lat' dir='ltr'><strong>tibi,</strong></span> 
     </span>
     <span class='ocr_line' id='line_1_13' title="bbox 162 1746 789 1825; baseline 0.005 -22"><span class='ocrx_word' id='word_1_82' title='bbox 162 1746 295 1817; x_wconf 89' lang='lat' dir='ltr'><strong>domine,</strong></span> <span class='ocrx_word' id='word_1_83' title='bbox 309 1751 341 1803; x_wconf 92' lang='lat' dir='ltr'><strong>in</strong></span> <span class='ocrx_word' id='word_1_84' title='bbox 355 1751 421 1824; x_wconf 88' lang='lat' dir='ltr'><strong>ipso</strong></span> <span class='ocrx_word' id='word_1_85' title='bbox 441 1752 578 1824; x_wconf 88' lang='lat' dir='ltr'><strong>ingressu</strong></span> <span class='ocrx_word' id='word_1_86' title='bbox 593 1768 662 1806; x_wconf 91' lang='lat' dir='ltr'><strong>meo</strong></span> <span class='ocrx_word' id='word_1_87' title='bbox 676 1752 789 1825; x_wconf 87' lang='lat' dir='ltr'><strong>scripsi.</strong></span> 
     </span>
    </p>
   </div>
   <div class='ocr_carea' id='block_1_3' title="bbox 554 2013 673 2070">
    <p class='ocr_par' dir='ltr' id='par_1_3' title="bbox 554 2013 673 2070">
     <span class='ocr_line' id='line_1_14' title="bbox 554 2013 673 2070; baseline 0 0"><span class='ocrx_word' id='word_1_88' title='bbox 554 2013 643 2070; x_wconf 88' lang='lat' dir='ltr'>XVII</span> <span class='ocrx_word' id='word_1_89' title='bbox 657 2033 673 2070; x_wconf 82' lang='lat' dir='ltr'><strong>a</strong></span> 
     </span>
    </p>
   </div>
   <div class='ocr_carea' id='block_1_4' title="bbox 344 2171 883 2230">
    <p class='ocr_par' dir='ltr' id='par_1_4' title="bbox 344 2171 883 2230">
     <span class='ocr_line' id='line_1_15' title="bbox 344 2171 883 2230; baseline 0.006 -3"><span class='ocrx_word' id='word_1_90' title='bbox 344 2171 374 2230; x_wconf 92' lang='lat' dir='ltr'><strong>C.</strong></span> <span class='ocrx_word' id='word_1_91' title='bbox 400 2171 522 2229; x_wconf 78' lang='lat' dir='ltr'><strong>Pnuuus</strong></span> <span class='ocrx_word' id='word_1_92' title='bbox 543 2173 681 2230; x_wconf 75' lang='lat' dir='ltr'><strong>&#39;suanno</strong></span> <span class='ocrx_word' id='word_1_93' title='bbox 696 2174 883 2230; x_wconf 70' lang='lat' dir='ltr'><strong>Iniuriarum</strong></span> 
     </span>
    </p>
   </div>
   <div class='ocr_carea' id='block_1_5' title="bbox 162 2320 1070 2506">
    <p class='ocr_par' dir='ltr' id='par_1_5' title="bbox 162 2320 1070 2506">
     <span class='ocr_line' id='line_1_16' title="bbox 204 2320 1070 2400; baseline 0.007 -25"><span class='ocrx_word' id='word_1_94' title='bbox 204 2320 439 2391; x_wconf 81' lang='lat' dir='ltr'><strong>Qururouucruo</strong></span> <span class='ocrx_word' id='word_1_95' title='bbox 469 2321 621 2379; x_wconf 89' lang='lat' dir='ltr'><strong>Kalendas</strong></span> <span class='ocrx_word' id='word_1_96' title='bbox 650 2322 810 2394; x_wconf 81' lang='lat' dir='ltr'><strong>Octobres,</strong></span> <span class='ocrx_word' id='word_1_97' title='bbox 837 2323 971 2394; x_wconf 90' lang='lat' dir='ltr'><strong>domine,</strong></span> <span class='ocrx_word' id='word_1_98' title='bbox 999 2344 1070 2400; x_wconf 87' lang='lat' dir='ltr'><strong>pro-</strong></span> 
     </span>
     <span class='ocr_line' id='line_1_17' title="bbox 162 2430 1069 2506; baseline 0.006 -24"><span class='ocrx_word' id='word_1_99' title='bbox 162 2430 291 2482; x_wconf 88' lang='lat' dir='ltr'><strong>vinciam</strong></span> <span class='ocrx_word' id='word_1_100' title='bbox 305 2431 425 2499; x_wconf 88' lang='lat' dir='ltr'><strong>intravi,</strong></span> <span class='ocrx_word' id='word_1_101' title='bbox 439 2448 527 2505; x_wconf 90' lang='lat' dir='ltr'><strong>quam</strong></span> <span class='ocrx_word' id='word_1_102' title='bbox 543 2433 576 2485; x_wconf 93' lang='lat' dir='ltr'><strong>in</strong></span> <span class='ocrx_word' id='word_1_103' title='bbox 597 2449 633 2486; x_wconf 90' lang='lat' dir='ltr'><strong>eo</strong></span> <span class='ocrx_word' id='word_1_104' title='bbox 653 2431 809 2506; x_wconf 87' lang='lat' dir='ltr'><strong>obsequio,</strong></span> <span class='ocrx_word' id='word_1_105' title='bbox 829 2433 860 2486; x_wconf 93' lang='lat' dir='ltr'><strong>in</strong></span> <span class='ocrx_word' id='word_1_106' title='bbox 883 2450 919 2487; x_wconf 82' lang='lat' dir='ltr'><strong>ea</strong></span> <span class='ocrx_word' id='word_1_107' title='bbox 940 2450 1013 2506; x_wconf 87' lang='lat' dir='ltr'><strong>erga</strong></span> <span class='ocrx_word' id='word_1_108' title='bbox 1034 2438 1069 2488; x_wconf 89' lang='lat' dir='ltr'><strong>te</strong></span> 
     </span>
    </p>
   </div>
   <div class='ocr_carea' id='block_1_6' title="bbox 161 2531 1072 3125">
    <p class='ocr_par' dir='ltr' id='par_1_6' title="bbox 161 2531 1072 3125">
     <span class='ocr_line' id='line_1_18' title="bbox 162 2531 1070 2612; baseline 0.009 -26"><span class='ocrx_word' id='word_1_109' title='bbox 162 2531 231 2602; x_wconf 85' lang='lat' dir='ltr'><strong>fide,</strong></span> <span class='ocrx_word' id='word_1_110' title='bbox 241 2551 331 2608; x_wconf 87' lang='lat' dir='ltr'><strong>quam</strong></span> <span class='ocrx_word' id='word_1_111' title='bbox 342 2532 381 2590; x_wconf 92' lang='lat' dir='ltr'><strong>de</strong></span> <span class='ocrx_word' id='word_1_112' title='bbox 390 2554 503 2610; x_wconf 88' lang='lat' dir='ltr'><strong>genere</strong></span> <span class='ocrx_word' id='word_1_113' title='bbox 515 2535 648 2593; x_wconf 92' lang='lat' dir='ltr'><strong>humano</strong></span> <span class='ocrx_word' id='word_1_114' title='bbox 658 2539 909 2607; x_wconf 64' lang='lat' dir='ltr'><strong>mererisinveni.</strong></span> <span class='ocrx_word' id='word_1_115' title='bbox 933 2535 1070 2612; x_wconf 89' lang='lat' dir='ltr'><strong>Dispice,</strong></span> 
     </span>
     <span class='ocr_line' id='line_1_19' title="bbox 162 2638 1068 2718; baseline 0.007 -23"><span class='ocrx_word' id='word_1_116' title='bbox 162 2638 294 2710; x_wconf 90' lang='lat' dir='ltr'><strong>domiue,</strong></span> <span class='ocrx_word' id='word_1_117' title='bbox 303 2661 342 2696; x_wconf 88' lang='lat' dir='ltr'><strong>an</strong></span> <span class='ocrx_word' id='word_1_118' title='bbox 357 2645 558 2698; x_wconf 87' lang='lat' dir='ltr'><strong>necessarium</strong></span> <span class='ocrx_word' id='word_1_119' title='bbox 574 2650 663 2718; x_wconf 89' lang='lat' dir='ltr'><strong>putes</strong></span> <span class='ocrx_word' id='word_1_120' title='bbox 677 2645 800 2700; x_wconf 90' lang='lat' dir='ltr'><strong>mittere</strong></span> <span class='ocrx_word' id='word_1_121' title='bbox 815 2642 875 2699; x_wconf 93' lang='lat' dir='ltr'><strong>huc</strong></span> <span class='ocrx_word' id='word_1_122' title='bbox 885 2662 1068 2701; x_wconf 88' lang='lat' dir='ltr'><strong>mensorem.</strong></span> 
     </span>
     <span class='ocr_line' id='line_1_20' title="bbox 163 2744 1071 2825; baseline 0.006 -24"><span class='ocrx_word' id='word_1_123' title='bbox 163 2744 315 2802; x_wconf 90' lang='lat' dir='ltr'><strong>Videntur</strong></span> <span class='ocrx_word' id='word_1_124' title='bbox 329 2750 411 2804; x_wconf 90' lang='lat' dir='ltr'><strong>enim</strong></span> <span class='ocrx_word' id='word_1_125' title='bbox 426 2767 487 2804; x_wconf 92' lang='lat' dir='ltr'><strong>non</strong></span> <span class='ocrx_word' id='word_1_126' title='bbox 502 2745 670 2806; x_wconf 83' lang='lat' dir='ltr'><strong>mediocres</strong></span> <span class='ocrx_word' id='word_1_127' title='bbox 680 2753 829 2825; x_wconf 90' lang='lat' dir='ltr'><strong>pecuniae</strong></span> <span class='ocrx_word' id='word_1_128' title='bbox 838 2769 925 2825; x_wconf 90' lang='lat' dir='ltr'><strong>posse</strong></span> <span class='ocrx_word' id='word_1_129' title='bbox 935 2754 1071 2806; x_wconf 84' lang='lat' dir='ltr'><strong>revocari</strong></span> 
     </span>
     <span class='ocr_line' id='line_1_21' title="bbox 162 2853 1069 2932; baseline 0.008 -26"><span class='ocrx_word' id='word_1_130' title='bbox 162 2871 179 2906; x_wconf 88' lang='lat' dir='ltr'><strong>a</strong></span> <span class='ocrx_word' id='word_1_131' title='bbox 194 2853 379 2910; x_wconf 87' lang='lat' dir='ltr'><strong>curatoribus</strong></span> <span class='ocrx_word' id='word_1_132' title='bbox 393 2873 529 2930; x_wconf 91' lang='lat' dir='ltr'><strong>operum,</strong></span> <span class='ocrx_word' id='word_1_133' title='bbox 544 2859 569 2911; x_wconf 93' lang='lat' dir='ltr'><strong>si</strong></span> <span class='ocrx_word' id='word_1_134' title='bbox 589 2874 749 2912; x_wconf 88' lang='lat' dir='ltr'><strong>mensurae</strong></span> <span class='ocrx_word' id='word_1_135' title='bbox 771 2855 902 2913; x_wconf 88' lang='lat' dir='ltr'><strong>fideliter</strong></span> <span class='ocrx_word' id='word_1_136' title='bbox 923 2864 1069 2932; x_wconf 84' lang='lat' dir='ltr'><strong>aguntur.</strong></span> 
     </span>
     <span class='ocr_line' id='line_1_22' title="bbox 162 2958 1072 3042; baseline 0.007 -27"><span class='ocrx_word' id='word_1_137' title='bbox 162 2958 211 3016; x_wconf 93' lang='lat' dir='ltr'><strong>Ita</strong></span> <span class='ocrx_word' id='word_1_138' title='bbox 224 2967 308 3017; x_wconf 88' lang='lat' dir='ltr'><strong>certe</strong></span> <span class='ocrx_word' id='word_1_139' title='bbox 321 2965 470 3036; x_wconf 90' lang='lat' dir='ltr'><strong>prospicio</strong></span> <span class='ocrx_word' id='word_1_140' title='bbox 484 2981 522 3019; x_wconf 88' lang='lat' dir='ltr'><strong>ex</strong></span> <span class='ocrx_word' id='word_1_141' title='bbox 543 2966 659 3020; x_wconf 91' lang='lat' dir='ltr'><strong>ratione</strong></span> <span class='ocrx_word' id='word_1_142' title='bbox 675 2961 877 3034; x_wconf 89' lang='lat' dir='ltr'><strong>Prusensium,</strong></span> <span class='ocrx_word' id='word_1_143' title='bbox 892 2983 983 3042; x_wconf 88' lang='lat' dir='ltr'><strong>quam</strong></span> <span class='ocrx_word' id='word_1_144' title='bbox 997 2983 1072 3021; x_wconf 89' lang='lat' dir='ltr'><strong>cum</strong></span> 
     </span>
     <span class='ocr_line' id='line_1_23' title="bbox 161 3068 417 3125; baseline 0.016 -4"><span class='ocrx_word' id='word_1_145' title='bbox 161 3068 292 3124; x_wconf 87' lang='lat' dir='ltr'><strong>maxime</strong></span> <span class='ocrx_word' id='word_1_146' title='bbox 312 3074 417 3125; x_wconf 76' lang='lat' dir='ltr'><strong>tracto</strong></span> 
     </span>
    </p>
   </div>
   <div class='ocr_carea' id='block_1_7' title="bbox 0 132 1180 3802">
    <p class='ocr_par' dir='ltr' id='par_1_7' title="bbox 0 132 1180 3802">
     <span class='ocr_line' id='line_1_24' title="bbox 0 132 1180 3802; baseline 0 0"><span class='ocrx_word' id='word_1_147' title='bbox 0 132 1180 3802; x_wconf 95' lang='lat' dir='ltr'><strong> </strong></span> 
     </span>
    </p>
   </div>
  </div>
 </body>
</html>
