2354 3802
371 383 459 440 THE
488 381 671 442 LETTERS
700 381 754 441 OF
784 381 910 440 PLINY

601 616 680 674 XIII

410 778 442 836 C.
473 776 594 833 Pinum
622 775 733 832 Fuuocl
756 774 817 832 Suo
839 773 868 832 S.

228 935 336 992 Eanum
365 935 495 1011 epistula
523 943 556 992 et
584 954 645 991 non
677 933 801 990 studere
832 940 865 988 te
901 939 933 989 et
968 931 1094 988 studere

186 1049 343 1126 significat.
395 1050 578 1124 Aenigmata
606 1049 733 1125 loquor?
786 1046 833 1104 Ita
860 1047 961 1123 plane,
993 1046 1094 1103 donec

185 1165 368 1235 distinctius,
389 1165 470 1242 quod
492 1168 600 1235 senti0,
623 1167 788 1220 enuntiem.
833 1163 935 1238 Negat
956 1166 1038 1218 enim
1059 1170 1093 1218 te

185 1278 319 1350 studere,
334 1279 387 1337 sed
403 1287 450 1337 est
464 1286 527 1336 tam
542 1278 645 1354 polita,
661 1297 750 1354 quam
765 1281 822 1335 nisi
837 1298 855 1334 a
869 1276 1014 1334 studente
1029 1295 1092 1334 non

185 1401 288 1470 potest
302 1396 409 1463 scribi3
430 1402 483 1452 aut
497 1413 530 1451 es
544 1401 578 1450 tu
601 1412 692 1468 super
712 1411 818 1449 omnes
840 1393 958 1463 beatus,
972 1395 995 1448 si
1018 1392 1092 1449 talia

185 1527 240 1584 per
253 1508 399 1566 desidiam
414 1517 447 1566 et
461 1513 557 1567 otium
571 1507 697 1585 perficis.
741 1508 824 1566 Vale.

602 1741 677 1799 XIV

377 1899 407 1957 C.
432 1900 553 1960 Pnnius
574 1900 742 1958 Conauuisu
764 1900 844 1960 Susa
865 1900 894 1959 S.

223 2057 270 2115 Tu
298 2059 422 2135 quidem
444 2058 667 2130 honestissime,
690 2058 771 2136 quod
799 2066 862 2116 tam
890 2063 1028 2136 impense
1057 2068 1090 2118 et

183 2193 270 2248 rogas
285 2181 318 2230 et
332 2177 437 2249 exigis,
449 2181 484 2231 ut
498 2177 592 2249 accipi
607 2173 727 2231 Iubeam
738 2182 796 2231 ate
805 2178 937 2249 pretium
947 2194 1088 2251 agrorum

183 2309 244 2346 non
270 2308 307 2345 ex
331 2293 535 2365 septingentis
557 2289 689 2361 milibus,
710 2293 817 2365 quanti
840 2290 906 2347 iIIos
933 2310 951 2346 a
978 2289 1089 2348 liberto

182 2423 260 2474 meo,
283 2404 337 2461 sed
360 2424 397 2461 ex
423 2408 595 2481 nongentis
617 2407 723 2480 quanti
743 2424 760 2460 a
781 2404 948 2481 publicanis
968 2413 1087 2480 panem

182 2523 353 2577 vicesimam
382 2523 490 2576 emisti.
536 2517 668 2576 Invicem
695 2538 753 2595 ego
776 2527 808 2576 et
833 2539 906 2595 rogo
931 2527 964 2576 et
988 2525 1088 2596 exigo,

182 2642 225 2704 ut,
241 2654 301 2690 non
317 2633 413 2692 solum
428 2634 501 2711 quid
515 2641 558 2704 te,
573 2653 677 2692 verum
692 2638 784 2691 etiam
805 2634 877 2711 quid
899 2654 948 2691 me
968 2635 1088 2707 deceat,

181 2753 306 2825 aspicias
320 2753 504 2826 patiarisque
519 2754 616 2807 mein
631 2749 688 2805 hoc
703 2768 763 2805 uno
777 2749 833 2810 tibi
855 2749 964 2806 eodem
985 2753 1087 2807 animo

181 2883 360 2940 repugnare,
375 2884 435 2941 quo
449 2869 481 2920 in
495 2865 634 2921 omnibus
649 2863 775 2940 obsequi
790 2863 880 2921 soleo.
924 2864 1008 2922 Vale.

214 3063 226 3084 ‘¹
244 3053 337 3102 Letter
350 3056 377 3102 ll
391 3054 419 3103 of
429 3054 484 3104 this
495 3053 573 3103 book.

213 3119 223 3149 θ
241 3119 378 3182 Augustus
397 3118 515 3184 imposed
535 3135 551 3168 a
569 3125 615 3169 tax
633 3120 661 3168 oi
677 3137 693 3169 a
709 3120 852 3170 twentieth
869 3137 903 3170 ou
919 3119 955 3169 all
973 3119 1086 3184 lagecies

181 3183 233 3233 and
246 3184 431 3233 inheritances.
466 3184 494 3234 lt
510 3200 593 3233 seems
611 3183 672 3233 that
689 3185 811 3247 Corellia,
824 3202 858 3234 on
875 3186 1013 3250 acquiring
1030 3187 1086 3236 this

182 3334 220 3390 34
