2362 3794
366 389 466 450 THE¹
483 391 666 451 LETTERS
695 392 750 451 OF
779 392 906 450 PLlNY

225 549 313 606 Haec
333 558 401 607 acta
422 558 493 608 sunt
514 551 641 608 absente
663 551 772 620 Cert03
796 551 894 609 abfuit
923 556 1015 623 enim,
1036 572 1090 610 seu

184 657 245 715 tale
260 657 373 734 aliquid
389 661 566 734 suspicatus
582 661 655 729 sive,
669 665 704 715 ut
721 659 929 729 excusabatur,
944 659 1088 717 infirmus.

185 764 227 822 Et
240 764 420 822 relationem
441 764 565 842 quidem
580 765 619 822 de
634 785 671 822 eo
685 764 794 822 Caesar
807 765 847 822 ad
867 773 1006 823 senatum
1027 785 1090 823 non

184 875 318 940 remisit;
353 873 472 929 obtinui
506 880 620 943 tamen,
649 872 731 948 quod
766 872 966 930 intenderam.
1010 873 1091 930 Nam

184 978 301 1055 collega
316 978 397 1037 Certi
413 979 611 1050 consulatum,
623 999 825 1037 successorem
841 980 948 1038 Certus
956 984 1092 1056 accepit;

183 1086 335 1163 planeque
356 1085 471 1144 factum
486 1094 542 1156 est,
557 1085 638 1163 quod
659 1085 794 1144 dixeram
816 1090 847 1142 in
869 1086 939 1158 fine,
954 1086 1093 1144 ‘Reddat

184 1197 351 1268 praemium
360 1193 416 1250 sub
425 1183 944 1268 optimoprincipe,quodapessimo
951 1193 1092 1269 accepit?

227 1298 335 1356 Postea
355 1302 507 1356 actionem
527 1317 636 1369 meam,
651 1305 808 1376 utcunque
825 1302 921 1375 potui,
936 1299 1092 1376 recollegi,

184 1403 287 1461 addidi
302 1405 405 1462 multa.
452 1404 572 1462 Accidit
592 1403 762 1476 fortuitum,
778 1405 832 1462 sed
853 1425 915 1462 non
936 1413 1093 1483 tamquam

184 1512 344 1570 fortuitum
358 1512 440 1589 quod
462 1511 553 1570 editis
574 1512 657 1570 libris
673 1512 782 1570 Certus
795 1516 876 1569 intra
895 1515 1093 1588 paucissimos

185 1619 250 1676 dies
274 1618 438 1695 implicitus
465 1619 570 1675 morbo
598 1618 737 1678 decessit.
782 1618 893 1675 Audivi
921 1618 1094 1676 referentes
1179 1631 1180 1634 ’

185 1725 263 1783 hanc
291 1730 454 1803 imaginem
484 1730 579 1783 menti
608 1729 682 1796 eius,
707 1726 786 1782 hanc
807 1726 902 1782 oculis
926 1726 1094 1796 oberrasse,

187 1841 339 1910 tamquam
348 1833 467 1890 videret
480 1852 529 1889 me
541 1833 597 1890 sibi
609 1853 678 1890 cum
692 1832 772 1890 ferro
781 1836 947 1890 imminere.
971 1832 1095 1890 Verane

185 1939 270 2010 haec,
284 1939 441 1997 adfirmare
459 1959 520 1996 non
542 1943 658 2008 ausim;
678 1943 808 1997 interest
828 1947 932 1996 tamen
948 1939 1094 2014 exempli,

185 2054 220 2103 ut
234 2066 305 2102 vera
320 2046 487 2104 videantur.

228 2152 333 2209 Habes
361 2153 531 2228 epistulam,
561 2156 585 2209 si
619 2151 743 2209 modurn
780 2152 929 2228 epistulae
965 2155 1094 2227 cogiteS,

186 2259 278 2331 libris,
293 2279 367 2336 quos
381 2259 493 2337 legisti,
508 2280 569 2316 non
584 2264 732 2317 minorem
745 2279 753 2330 ;
774 2260 828 2317 sed
847 2260 1010 2336 imputabis
1024 2259 1095 2328 tibi,

186 2371 238 2443 qui
253 2375 415 2424 contentus
429 2366 512 2424 libris
526 2387 588 2424 non
603 2367 694 2425 fuisti.
740 2367 823 2426 Vale.

219 2610 232 2632 ⁶
249 2601 328 2650 From
346 2601 514 2667 Vespasian’s
533 2604 606 2663 time,
621 2604 668 2653 the
685 2603 726 2652 ius
742 2601 884 2662 relationis,
898 2603 939 2652 te.
955 2603 1002 2652 the
1020 2603 1097 2668 right
1118 2663 1121 2666 Ι

187 2672 216 2716 to
227 2666 327 2716 submit
338 2684 354 2716 a
365 2669 466 2717 motion
478 2674 507 2718 to
516 2669 563 2718 the
581 2669 686 2727 Senste,
699 2667 829 2733 belonged
843 2673 872 2718 to
886 2668 932 2718 the
946 2668 1095 2731 Emperor:

187 2732 337 2782 relationem
352 2733 480 2782 remittere
497 2749 552 2783 was
569 2734 616 2784 the
634 2733 766 2784 technieal
784 2739 853 2784 term
865 2733 906 2782 lor
919 2732 960 2782 bis
971 2731 1054 2798 doing
1066 2749 1098 2782 so

187 2802 217 2846 at
229 2797 276 2846 the
287 2803 394 2862 request
404 2798 432 2848 of
443 2799 490 2849 the
502 2798 599 2850 Senate
612 2798 686 2848 itself
696 2798 850 2858 (addressed
863 2803 892 2848 to
908 2799 963 2848 him
975 2798 1096 2863 through

187 2862 234 2912 the
253 2863 383 2924 Consule),
421 2864 471 2914 We
488 2864 583 2929 gether
600 2865 662 2914 that
680 2864 781 2929 Pliny's
799 2865 899 2913 motion
915 2863 955 2913 ior
972 2863 1048 2912 leave
1066 2869 1098 2913 to

187 2933 326 2991 prosecute
338 2927 433 2979 Certus
450 2945 504 2979 was
521 2928 624 2978 carried
641 2928 677 2994 by
694 2946 710 2978 a
726 2930 799 2994 large
816 2929 951 2993 majority,
965 2927 1016 2977 but
1034 2929 1098 2979 that

187 2993 234 3042 the
257 2993 353 3044 Senate
376 2993 454 3044 could
476 2999 525 3044 not
546 2994 658 3058 prooeed
682 2994 788 3044 further
810 2994 926 3044 without
955 3009 971 3042 a
998 2993 1097 3044 formal
