2354 3802
312 325 401 386 THE
432 329 614 388 LETTERS
643 331 698 390 OF
729 329 851 388 PLINY

132 486 265 544 Caesaris
301 490 518 563 praeiudicium
553 491 647 548 fieret.
704 491 872 566 Respondit
908 491 1040 564 Magnus

132 608 303 680 iterumque
334 603 508 681 Polyaenus.
553 607 623 681 lpse
646 626 711 662 raro
736 614 769 663 et
793 608 925 663 breviter
948 609 1041 661 inter-

133 718 250 775 locutus
278 717 408 775 multum
429 740 479 776 me
503 725 583 777 intra
603 720 758 778 silentium
779 725 873 778 tenui.
925 720 1041 794 Accepi

133 838 215 889 enim
230 853 291 890 non
304 838 404 891 minus
418 835 573 894 interdum
587 841 750 894 oratorium
762 856 828 894 esse
837 845 938 894 tacere
948 854 1041 912 quam

133 949 234 1007 dicere
248 957 341 1027 atque
356 950 433 1008 adeo
456 959 562 1027 repeto
577 952 757 1028 quibusdam
779 971 829 1010 me
853 955 959 1028 capitis
981 953 1041 1007 reis

134 1064 181 1121 vel
216 1068 311 1140 magis
353 1064 474 1122 silentio
509 1085 599 1142 quam
641 1071 777 1124 oratione
818 1067 1042 1122 accuratissima

134 1179 289 1256 profuisse.

176 1297 277 1354 Mater
289 1300 397 1353 amisso
410 1296 471 1353 lilio
486 1297 571 1374 (quid
592 1301 675 1355 enim
695 1295 847 1373 prohibet,
860 1313 1043 1373 quamquam

134 1412 192 1469 alia
206 1416 282 1469 ratio
296 1412 472 1470 scribendae
487 1413 635 1489 epistulae
650 1411 753 1483 fuerit,
767 1412 806 1469 de
821 1411 929 1469 studiis
942 1410 1043 1485 dispu-

135 1535 200 1584 tare
210 1528 234 1602 ?)
256 1528 380 1584 libertos
401 1531 465 1584 eius
487 1527 671 1605 eosdemque
694 1527 859 1584 coheredes
884 1546 952 1584 suos
974 1524 1042 1581 falsi

136 1650 168 1699 et
182 1640 319 1698 veneficii
334 1661 399 1698 reos
422 1641 576 1700 detulerat
597 1643 635 1699 ad
661 1645 828 1719 principem
850 1641 1043 1716 iudicemque

136 1761 351 1834 impetraverat
381 1757 490 1815 lulium
513 1757 699 1816 Servianum.
743 1757 951 1815 Defenderam
975 1775 1042 1813 reos

135 1869 255 1941 ingenti
269 1865 393 1942 quidem
408 1872 506 1923 coetu.
551 1865 625 1922 Erat
648 1869 730 1922 enim
754 1885 843 1922 causa
867 1867 1043 1929 notissima3

137 1980 294 2048 praeterea
312 1976 464 2049 utrimque
487 1976 610 2048 ingenia
633 1971 803 2028 clarissima.
848 1970 954 2028 Finem
976 1989 1044 2044 cog·

137 2084 246 2136 nitioni
260 2084 397 2157 quaestio
411 2083 554 2155 imposuit
566 2099 574 2148 ;
595 2099 673 2156 quae
687 2078 856 2137 seeundum
866 2097 932 2136 reos
946 2077 1041 2135 dedit.

138 2185 246 2242 Postea
270 2193 368 2242 mater
395 2185 471 2243 adiit
498 2190 676 2262 principem,
695 2184 865 2243 adfirmavit
892 2205 924 2242 se
952 2201 1044 2240 novas

137 2293 329 2367 probationes
343 2295 502 2349 invenisse.
547 2292 746 2368 Praeceptum
768 2300 815 2351 est
829 2292 995 2361 Suburano,
1010 2297 1046 2347 ut

138 2406 258 2455 vacaret
293 2398 409 2456 finitam
437 2418 556 2456 causam
590 2404 777 2470 retractanti,
806 2403 831 2456 si
865 2398 939 2476 quid
973 2399 1042 2453 novi

138 2503 280 2562 adferret.
324 2504 442 2563 Aderat
455 2509 544 2563 matri
560 2504 654 2564 lulius
670 2506 840 2577 Africanus,
855 2524 950 2582 nepos
964 2504 1044 2561 illius

138 2613 272 2681 oratoris,
295 2630 355 2687 quo
376 2611 480 2669 audito
503 2611 661 2669 Passienus
683 2612 804 2688 Crispus
824 2611 919 2669 dixit:
941 2610 1045 2668 ‘Bene
1096 2675 1100 2682 ⁴

139 2717 323 2790 mehercule,
333 2719 432 2787 bene;
453 2719 507 2776 sed
522 2727 652 2797 quotam
665 2720 745 2776 bene
756 2717 785 2776 i'
830 2718 931 2775 Huius
940 2737 1045 2793 nepos,

139 2829 256 2883 iuvenis
278 2829 462 2901 ingeniosus,
486 2827 539 2884 sed
568 2847 674 2902 parum
697 2825 833 2897 calliduS,
859 2847 928 2882 cum
950 2825 1046 2882 multa

140 2933 267 2990 dixisset
296 2932 547 3010 adsignatumque
576 2942 697 3010 tempus
725 2932 892 3008 implesset,
921 2931 1044 3007 ‘Rogo,’

141 3043 250 3116 inquit,
279 3039 470 3110 ‘Suburane,
492 3043 650 3115 permittas
680 3040 755 3096 milri
783 3059 877 3097 unum
906 3036 1045 3096 versum¹

240 3168 249 3199 ¹
266 3185 371 3219 versum
383 3170 462 3233 me
476 3171 583 3231 Mulier,
599 3171 708 3220 verbum
720 3171 754 3220 M
757 3189 780 3232 r,
797 3171 902 3234 Biponr,
918 3170 951 3220 K.

147 3265 181 3320 16
