2362 3794
384 381 472 440 THE
501 383 684 444 LETTERS
714 383 769 444 OF
801 385 926 443 PLINY

202 543 414 619 pressiusque?
432 543 472 606 Σὺ
484 543 513 602 δὲ
524 544 702 615 ἑλκοποιεῖς,1
711 543 730 620 ἢ
740 545 939 620 συλλαβόντες
949 547 985 608 ὡς
993 546 1104 621 ληστὴν

201 663 255 717 τῶν
268 660 440 736 πραγμάτων
455 658 499 717 διὰ
512 662 562 736 τῆς
584 661 725 724 πολιτείας
745 662 869 720 πλέοντα
882 659 1105 738 τιμωρήσασθε,ἵ

203 780 236 830 et
249 770 315 829 alia.

244 888 405 964 Exspecto,
431 897 467 947 ut
489 890 638 968 quaedam
664 911 701 948 ex
727 890 783 948 hac
807 890 947 968 epistula,
964 898 1000 948 ut
1022 889 1107 961 illud,

203 1009 212 1036 ‘
223 1003 428 1079 gubernacula
463 1005 612 1081 gemunt,’
648 1014 681 1063 et
716 1005 786 1063 ‘dis
813 1010 903 1064 maris
934 1005 1105 1082 proximus}

203 1117 311 1176 iisdem
335 1123 426 1191 notis,
440 1121 549 1197 quibus
564 1140 610 1192 ea,
625 1121 664 1178 de
689 1121 797 1198 quibus
822 1121 928 1190 scribo,
944 1119 1106 1177 confodias,

205 1233 358 1311 Intellego
379 1239 472 1306 enirn,
485 1256 545 1306 me,
560 1235 634 1293 dum
655 1240 775 1294 veniam
797 1237 945 1313 prioribus
969 1243 1052 1312 peto,
1077 1239 1109 1293 in

203 1349 256 1405 illa
270 1353 343 1425 ipsa,
359 1369 436 1427 quae
450 1351 659 1421 adnotaveras,
675 1351 824 1409 incidisse.
869 1350 931 1409 Sed
954 1348 1111 1408 confodias

204 1462 288 1535 licet,
315 1464 480 1522 dummodo
508 1470 567 1522 iam
596 1486 677 1523 nunc
706 1466 842 1524 destines
869 1451 961 1536 diern,
990 1485 1050 1543 quo
1079 1473 1113 1522 et

204 1578 243 1636 de
271 1578 330 1637 illis
358 1588 391 1637 et
419 1581 458 1638 de
487 1581 534 1638 his
562 1602 661 1640 coram
690 1569 813 1658 exigere
847 1586 1004 1659 possimus.
1047 1581 1113 1638 Aut

206 1697 287 1750 enim
322 1703 357 1751 tu
393 1716 443 1752 me
481 1696 633 1766 timidum,
668 1705 735 1763 aut¹
757 1717 814 1773 ego
848 1705 881 1754 te
916 1699 1113 1754 temerarium

207 1809 323 1868 faciam.
369 1811 451 1868 Vale.

599 2044 718 2101 XXVII

422 2190 454 2248 C.
478 2191 599 2248 Pinnos
624 2191 764 2251 Parsnrvo
787 2189 848 2248 Suo
869 2189 899 2248 S.

248 2332 378 2405 Quadri
393 2343 540 2411 potestas,
554 2343 668 2412 quanta
681 2335 825 2412 dignitas,
840 2340 953 2410 quanta
961 2337 1117 2402 maiestas,

207 2456 354 2526 quantum
389 2450 522 2527 denique
550 2470 664 2508 numen
679 2526 682 2534 ’
700 2453 740 2508 sit
773 2448 927 2520 historiae,
957 2467 1026 2504 cum
1054 2446 1117 2503 fre-

207 2568 339 2638 quenter
377 2561 449 2619 alias
488 2570 554 2619 tum
593 2566 730 2639 proxime
770 2564 858 2618 sensi.
924 2558 1120 2616 Recitaverat

208 2676 331 2753 quidam
352 2681 540 2735 verissimum
560 2677 669 2735 librum
684 2670 865 2754 partemque
885 2679 949 2733 eius
969 2678 1002 2730 in
1023 2672 1120 2730 alium

208 2791 290 2848 diem
319 2802 531 2853 reservaverat.
576 2793 655 2850 Ecce
685 2796 773 2849 amici
807 2791 961 2850 cuiusdam
994 2795 1122 2846 orantes

209 2907 473 2984 obsecrantesque,
507 2928 547 2965 ne
582 2907 697 2984 reliqua
725 2910 875 2964 recitaret.
919 2905 1037 2962 Tantus
1065 2923 1122 2961 au-

210 3022 324 3093 diendi,
350 3042 427 3099 quae
444 3023 584 3094 fecerint,
599 3022 705 3099 pudor,
720 3023 829 3100 quibus
851 3020 951 3078 nullus
973 3019 1123 3091 faciendi,

210 3156 287 3213 quae
309 3137 413 3194 audire
435 3139 627 3196 erubescunt.
671 3137 712 3193 Et
733 3135 785 3193 ille
808 3135 931 3212 quidem
953 3137 1123 3210 praestitit,

373 3257 381 3288 ¹
400 3258 493 3309 Aesch.
510 3258 574 3308 Ocea.
589 3259 645 3310 208.
817 3256 827 3287 ²
844 3256 876 3306 ib.
891 3257 948 3306 253.

213 3345 271 3397 240
