2352 3802
348 387 438 446 THE
465 387 650 448 LETTERS
678 387 733 447 OF
761 387 890 446 PLINY

167 566 254 603 mens
281 547 397 617 vident,
418 552 560 624 quotiens
585 569 646 604 non
669 549 777 606 vident
797 549 863 605 alia
907 550 1028 625 Cogito,
1050 553 1076 606 si

167 697 240 773 quid
255 701 287 752 in
307 699 457 768 manibus,
471 704 573 775 cogito
593 698 633 756 ad
653 701 780 756 verbum
801 701 947 757 scribenti
967 718 1076 756 emen-

166 846 315 922 dantique
336 846 441 902 similis
465 867 546 903 nunc
568 851 721 923 pauciora,
741 867 824 904 nunc
851 847 947 923 plura,
967 855 1003 904 ut
1024 847 1077 904 vel

166 993 298 1065 difficile,
331 993 380 1051 vel
422 993 510 1052 facile
545 1000 685 1072 componi
721 999 860 1052 tenerive
894 1003 1074 1072 potuerunt.

169 1143 326 1200 Notarium
356 1164 428 1200 voco
455 1152 489 1201 et
515 1144 566 1202 die
593 1144 735 1215 admisso,
762 1165 840 1222 quae
874 1144 1075 1202 formaveram

167 1292 259 1350 dicto.
315 1295 391 1351 Abit
424 1313 586 1371 rursusque
624 1302 783 1353 revocatur
822 1313 985 1371 rursusque
1024 1313 1074 1350 re-

167 1447 309 1502 mittitur.

211 1593 270 1650 Ubi
292 1593 366 1649 hora
386 1602 493 1670 quarta
514 1594 561 1651 vel
585 1598 692 1671 quinta
712 1592 827 1673 (neque
849 1597 931 1651 euim
954 1603 1075 1652 certum

166 1742 399 1818 dimensumque
419 1741 564 1820 tempus),
579 1749 615 1800 ut
634 1743 700 1800 dies
721 1747 823 1813 suasit,
838 1747 870 1799 in
885 1750 1006 1820 xystum
1020 1763 1074 1801 me

167 1886 215 1944 vel
257 1891 514 1965 cryptoporticum
555 1886 688 1957 confero,
723 1887 839 1965 reliqua
872 1887 1004 1946 meditor
1040 1897 1075 1946 et

166 2038 257 2095 dicto.
301 2036 482 2094 Vehiculum
502 2037 642 2095 ascendo.
685 2038 733 2095 Ibi
754 2057 874 2116 quoque
892 2039 975 2096 idem
989 2039 1075 2116 quod

165 2188 323 2246 ambulans
343 2196 398 2246 aut
417 2193 538 2258 iacens;
559 2189 650 2247 durat
671 2193 803 2247 intentio
816 2193 987 2276 mutatione
1002 2193 1074 2266 ipsa

167 2338 290 2396 refecta
334 2339 460 2396 Paulum
483 2339 643 2411 redormio,
666 2339 739 2398 dein
762 2339 892 2411 ambulo,
913 2360 983 2397 mox
1005 2358 1078 2396 ora-

168 2493 284 2547 tionem
311 2487 459 2548 Graecam
487 2489 665 2547 Latinamve
693 2489 773 2547 clare
800 2498 833 2550 et
860 2493 980 2549 intente
1008 2509 1077 2548 non

119 2631 123 2637 ⁵
167 2647 230 2697 tam
245 2644 325 2697 vocis
339 2660 428 2698 causa
448 2660 539 2717 quam
560 2639 707 2729 stomachi
727 2639 818 2716 lego;
838 2644 952 2717 pariter
965 2647 1074 2698 tamen

168 2793 201 2842 et
228 2785 279 2842 illa
304 2786 446 2843 firmatur.
491 2787 606 2844 Iterum
634 2786 765 2858 ambulo,
790 2807 897 2864 ungor,
919 2805 1078 2860 exerceor,

168 2926 257 2984 lavor.
301 2928 430 2986 Cenanti
451 2928 535 2999 mihi,
557 2932 581 2985 si
602 2949 671 2986 cum
692 2949 785 2986 uxore
799 2929 847 2986 vel
869 2932 980 3006 paucis,
994 2927 1080 2988 liber

169 3067 298 3143 legitur;
328 3077 397 3145 post
425 3089 531 3126 cenam
560 3070 722 3128 comoedus
750 3078 803 3128 aut
830 3070 970 3147 lyristes;
1002 3091 1079 3130 mox

169 3225 236 3262 cum
261 3211 337 3264 meis
360 3206 491 3278 ambulo,
506 3228 633 3285 quorum
653 3213 686 3265 in
707 3230 834 3266 numero
855 3217 927 3267 sunt
951 3210 1079 3270 eruditi.

172 3325 229 3380 260
