2354 3802
362 419 450 476 rna
480 413 664 502 narrans
693 417 748 476 or
778 414 905 476 parur

181 587 245 637 tate
278 587 311 636 et
333 586 416 635 metu
439 586 610 654 temporum
636 576 764 634 abolitos
792 586 915 635 senatus
940 576 1088 647 consult0‚

180 690 341 765 publicatis
362 691 448 746 bonis
471 693 609 759 servavit,
625 688 732 746 habuit
745 688 877 765 tulitque
895 694 926 745 in
949 689 1088 745 exsilium

184 800 282 858 exsilii
296 820 425 859 causam.

222 910 337 968 Eadem
353 931 443 988 quam
464 909 605 980 iucunda,
620 929 709 987 quam
724 913 828 980 comis,
841 929 931 986 quam
946 909 1090 987 denique,

180 996 264 1099 quod
288 1026 391 1098 paucis
413 1022 519 1079 datum
544 1029 601 1091 est,
624 1041 686 1078 non
707 1025 807 1077 minus
834 1021 970 1078 amabilis
998 1042 1088 1098 quam

180 1134 372 1191 veneranda!
414 1133 481 1202 Erit
501 1153 584 1204 sane,
599 1153 689 1210 quam
711 1140 817 1208 postea
831 1134 973 1190 uxoribus
987 1141 1087 1190 osten-

181 1251 246 1300 tare
274 1247 442 1319 possimus;
478 1247 546 1314 erit,
573 1264 591 1298 a
619 1263 677 1319 qua
692 1246 748 1299 viri
763 1246 885 1319 quoque
900 1242 1089 1301 fortitudinis

181 1355 322 1437 exempla
336 1375 498 1424 sumamus,
513 1374 603 1431 quam
625 1358 666 1410 sic
688 1362 853 1412 cernentes
867 1355 1089 1433 audientesque

181 1471 327 1522 miramur
350 1474 387 1523 ut
410 1466 486 1536 illas,
512 1486 589 1542 quae
613 1452 766 1542 leguntur.
818 1465 864 1523 Ac
883 1465 958 1522 mihi
983 1466 1091 1524 domus

182 1580 247 1652 ipsa
269 1585 377 1636 nutare
401 1577 604 1654 convulsaque
627 1576 749 1635 sedibus
774 1581 834 1635 suis
858 1582 973 1634 ruitura
1000 1597 1091 1654 supra

182 1683 314 1754 videtur,
328 1685 404 1741 licet
424 1684 524 1741 adhuc
546 1693 682 1760 posteros
697 1685 816 1742 habeat.
861 1683 991 1755 Quantis
1006 1689 1090 1741 enirn

181 1791 343 1847 virtutibus
358 1795 540 1868 quantisque
553 1791 642 1849 factis
655 1791 872 1868 adsequentur,
886 1800 922 1849 ut
936 1791 1011 1848 haec
1026 1811 1090 1848 non

183 1900 345 1954 novissima
359 1897 526 1956 occiderit?

223 2003 276 2060 Me
299 2003 423 2081 quidem
445 2004 521 2061 illud
543 2009 636 2062 etiam
658 2005 775 2081 adfligit
794 2013 827 2062 et
851 2013 985 2083 torquet,
1005 2006 1090 2082 quod

182 2119 312 2168 matrem
335 2115 409 2181 eius,
434 2110 516 2167 illam
541 2111 629 2186 (nihil
652 2131 775 2187 possum
796 2112 943 2170 illustrius
971 2112 1091 2191 dicere)

182 2224 288 2274 tantae
302 2215 435 2274 feminae
448 2225 588 2288 matrem,
597 2236 699 2274 rursus
712 2217 817 2275 videor
831 2223 983 2291 amittere,
997 2238 1091 2295 quam

182 2324 267 2394 haec,
291 2332 326 2381 ut
347 2323 505 2382 redditae
529 2323 625 2382 refert
648 2326 745 2396 nobiS,
772 2329 815 2382 sic
837 2325 957 2384 auferet
984 2346 1091 2384 secum

182 2450 292 2506 meque
325 2439 357 2488 et
381 2450 460 2488 novo
480 2435 595 2507 pariter
615 2439 648 2489 et
668 2435 794 2489 rescisso
814 2432 939 2489 vulnere
955 2432 1088 2492 adficiet.

185 2537 354 2614 Utramque
387 2537 476 2608 colui,
505 2546 665 2615 utramque
699 2538 813 2607 dilexi3
848 2547 947 2597 utram
964 2617 966 2621 y
981 2545 1091 2617 magis

182 2649 293 2715 nescia,
305 2664 362 2701 nec
377 2643 507 2702 discerni
522 2645 673 2703 volebant.
717 2646 903 2705 Habuerunt
916 2647 1012 2705 officia
1020 2669 1092 2705 mea

182 2757 214 2810 in
239 2751 390 2824 secundia,
410 2752 584 2810 habuerunt
610 2757 642 2808 in
663 2753 805 2810 adversis
857 2754 922 2830 Ego
945 2754 1091 2812 solacium

183 2858 397 2935 relegatorum,
412 2879 470 2935 ego
485 2847 566 2916 ultor
580 2879 775 2917 reversarum.
820 2859 889 2917 Non
904 2860 963 2919 feci
984 2870 1092 2920 tamen

183 2970 265 3042 paria
287 2974 379 3043 atque
404 2985 440 3022 eo
464 2969 560 3042 magis
587 2965 666 3022 hanc
689 2971 778 3043 cupio
806 2971 927 3038 servari,
951 2975 986 3025 ut
1013 2968 1092 3025 mihi

323 3149 362 3246 qs
379 3132 560 3219 hyperbolical
571 3149 629 3197 way
640 3133 669 3182 ol
685 3136 802 3200 saying‘
807 3135 875 3184 ‘We
887 3135 956 3184 shall
967 3141 1015 3186 not
1026 3136 1092 3186 look

236 3216 254 3247 n
265 3199 312 3247 her
334 3198 378 3247 ika
389 3199 485 3263 again)
487 3197 553 3248 ’lC
566 3197 707 3264 Tennyson
716 3217 749 3248 on
762 3201 809 3250 the
819 3199 902 3249 death
913 3200 941 3250 of
952 3201 998 3250 the
1010 3202 1093 3252 Duke

181 3280 198 3312 o
183 3216 441 3328 uWellington-“
451 3263 506 3312 The
519 3263 572 3313 last
582 3270 658 3328 great
670 3265 862 3330 Englishman
855 3281 878 3314 rs
890 3266 967 3316 low.'’

183 3375 222 3434 50

232 3133 348 3182 “Plin’
