2438 3790
355 366 444 423 THE
473 365 657 424 LETTERS
686 364 741 424 OF
767 363 896 422 'PLINY

574 605 681 694 XIIIII

403 763 434 821 C.
459 763 580 820 Pnnuus
604 763 720 820 Runno
741 762 803 820 Suo
825 762 853 820 S.

217 920 337 978 ansun
366 929 414 978 est
441 925 592 992 nimitum,
621 921 703 997 quod
731 920 865 977 creditur
892 918 993 994 vulg0,
1017 925 1085 974 tes-

174 1044 312 1094 tamenta
350 1036 508 1093 hominum
543 1036 700 1113 speculum
735 1055 801 1092 esse
842 1053 969 1104 morum,
1009 1053 1084 1090 cum

176 1151 329 1209 Domitius
338 1150 444 1209 Tullus
458 1151 549 1228 longe
564 1151 671 1208 melior
685 1153 858 1228 apparuerit
872 1155 970 1206 morte
985 1168 1080 1224 quam

175 1271 245 1324 vita.
269 1267 358 1338 Nam,
383 1287 452 1324 cum
474 1287 506 1324 se
527 1265 711 1343 captandum
733 1267 931 1342 praebuisset,
957 1263 1085 1339 reliquit

176 1382 267 1439 filiam
281 1382 437 1453 heredem,
452 1402 529 1459 quae
551 1381 595 1438 illi
614 1402 682 1438 cum
703 1380 797 1438 fratre
818 1383 995 1449 communis
1010 1382 1086 1454 quia

176 1500 313 1573 gemtem
334 1496 428 1555 fratre
449 1496 654 1572 adoptaverat.
680 1494 859 1552 Prosecutus
881 1502 929 1553 est
951 1501 1085 1570 nepotes

138 1677 143 1686 ·
175 1610 312 1688 plurimis
336 1610 619 1687 iucundissimisque
641 1611 759 1687 legatis,
784 1618 960 1687 prosecutus
989 1613 1086 1666 etiam
1186 1631 1187 1658 1

176 1734 366 1803 proneptem.
411 1727 447 1782 In
462 1747 578 1783 summa
592 1731 693 1784 omnia
713 1731 830 1804 pietate
850 1727 1024 1802 plenissIma
1046 1745 1084 1781 ac

177 1849 264 1898 tanto
278 1845 385 1918 magis,
399 1845 541 1918 qnoniam
556 1845 764 1917 inexspectata
778 1849 857 1898 sunt.

218 1954 300 2029 Ergo
328 1959 401 2011 varii
429 1963 494 2012 tota
522 1959 645 2012 civitate
674 1975 846 2023 sermones3
881 1954 932 2011 alii
964 1954 1084 2025 fictum,
1183 1974 1186 2035 ;

177 2074 342 2146 ingratum,
362 2073 570 2127 immemorem
593 2070 758 2147 loquuntur
780 2090 873 2147 seque
895 2071 984 2147 ipsos,
1006 2069 1084 2126 dum

178 2188 368 2240 insectantur
382 2183 477 2253 illum,
491 2187 671 2260 turpissimis
686 2183 924 2242 confessionibus
938 2184 1088 2261 produnt,

179 2301 280 2374 utqui
295 2297 333 2354 de
349 2305 445 2373 patre,
460 2317 524 2368 avo,
540 2317 650 2373 proavo
665 2303 748 2374 quasi
764 2298 803 2356 de
818 2301 891 2356 orbo
905 2307 1085 2375 querantur,

178 2410 229 2466 alii
257 2418 362 2467 contra
390 2410 447 2467 hoc
482 2415 581 2487 ipsum
615 2411 755 2469 laudibus
789 2410 902 2483 ferunt,
938 2412 1018 2489 quod
1045 2417 1088 2470 sit

179 2524 341 2583 frustratus
363 2527 513 2601 improbas
528 2542 597 2601 spes
611 2525 777 2598 hominum,
795 2546 870 2604 quos
885 2530 926 2583 sic
941 2527 1087 2603 decipere

180 2661 235 2717 pro
249 2642 382 2698 morIbus
403 2649 576 2717 temporum
591 2642 754 2718 prudentia
769 2651 823 2699 est.
848 2642 978 2700 Addunt
991 2627 1087 2699 etiarn

180 2775 241 2812 non
266 2755 358 2812 fuisse
384 2761 411 2813 ei
436 2756 565 2814 liberum
586 2756 644 2813 alio
665 2741 852 2814 testamento
866 2761 961 2825 mori;
982 2777 1086 2835 neque
1182 2816 1185 2827 ,

181 2875 263 2927 enim
291 2870 446 2947 reliquiSse
474 2891 547 2947 opes
576 2870 663 2942 filiae,
693 2871 747 2928 sed
775 2869 953 2941 reddidisse,
975 2871 1089 2947 quibus

181 2984 286 3033 auctus
315 2997 369 3052 per
397 2977 487 3033 filiam
522 2977 630 3034 fuerat.
668 2977 747 3033 Nam
784 2977 928 3034 Curtilius
965 2977 1090 3035 Mancia

180 3101 303 3159 perosus
317 3102 466 3158 generum
481 3103 568 3140 suum
582 3082 752 3140 Domitium
767 3082 923 3139 Lucanum
941 3082 1048 3159 (frater
1063 3090 1090 3143 is

181 3188 274 3264 Tulli)
298 3191 354 3247 sub
379 3211 415 3247 ea
439 3190 617 3247 condicione
635 3189 725 3245 filiam
749 3193 823 3261 eiuS,
845 3197 973 3265 neptem
990 3210 1089 3263 suam,
1181 3166 1184 3220 l

186 3301 241 3370 146
