2362 3794
341 363 430 421 THE
459 362 642 420 LETTERS
670 363 725 422 OF
754 361 880 419 PLINY

159 527 272 593 tunica,
297 525 388 580 mitto
412 521 493 598 apud
515 521 632 598 vulgus,
656 521 737 599 quod
764 521 852 579 vilius
875 525 987 592 tunica,
1010 520 1066 578 sed

159 617 240 693 apud
283 616 427 694 quosdam
463 635 568 692 graves
607 615 763 682 homines3
794 635 869 691 quos
904 634 961 690 ego
995 634 1066 670 cum

159 706 301 763 recordor
315 710 346 762 in
361 725 394 763 re
408 709 500 774 inani,
513 705 631 782 frigida,
641 703 766 761 adsidua
776 712 840 761 tam
854 703 1068 762 insatiabiliter

159 799 312 871 desidere,
326 804 412 877 capio
429 799 560 876 aliquam
574 798 772 874 voluptatem,
787 799 869 875 quod
890 798 945 855 hac
961 798 1067 874 volup-

158 901 224 952 tate
240 915 302 951 non
318 898 426 970 capior.
470 894 516 950 Ac
530 913 586 970 per
599 893 654 950 hos
668 893 733 950 dies
754 892 954 950 libentissime
968 897 1066 948 otium

159 1008 262 1045 meum
304 993 336 1044 in
377 989 488 1045 litteris
526 987 650 1056 colloco,
685 1006 760 1064 quos
794 986 845 1042 alii
879 989 1067 1061 otiosissimis

159 1083 406 1159 occupationibus
428 1081 569 1159 perdunt.
615 1081 697 1140 Vale.

583 1357 642 1413 Vll

375 1515 405 1571 C.
435 1515 555 1571 Pmmus
583 1515 711 1571 Rouuuo
737 1514 799 1572 Suo
821 1514 850 1571 S.

202 1671 390 1728 Arpineius
418 1680 450 1728 te
479 1673 590 1730 scribis.
636 1671 719 1729 Bene
745 1679 810 1739 est;
839 1674 942 1727 inveni
965 1679 1068 1746 patro-

161 1768 293 1832 cinium;
314 1764 440 1822 aedifico
455 1770 537 1822 enim
551 1770 611 1822 iam
626 1769 752 1836 ratione,
764 1769 834 1842 quia
845 1772 955 1822 tecum.
987 1763 1068 1820 Nam

161 1858 218 1915 hoc
233 1879 353 1936 quoque
369 1879 431 1916 non
452 1858 607 1930 dissimile,
622 1859 703 1936 quod
724 1858 762 1915 ad
783 1878 865 1916 mare
887 1866 932 1928 tu,
947 1877 1005 1934 ego
1026 1857 1066 1914 ad

161 1952 284 2010 Larium
297 1953 405 2010 lacum.

203 2047 304 2103 Huius
325 2051 357 2103 in
377 2047 466 2105 litore
488 2047 591 2124 plures
612 2046 701 2105 villae
725 2067 822 2118 meae,
844 2047 898 2104 sed
925 2046 1003 2104 duae
1031 2057 1069 2105 ut

161 2143 292 2196 maxime
322 2140 480 2198 delectant
514 2145 558 2198 ita
585 2149 739 2199 exercent.
792 2141 899 2198 Altera
926 2144 1069 2217 imposita

162 2237 239 2290 saxis
262 2254 345 2290 more
376 2235 488 2292 Baiano
520 2234 620 2292 lacum
652 2239 806 2312 prospicit,
835 2234 931 2292 altera
966 2253 1066 2312 aeque

161 2347 244 2384 more
286 2327 397 2384 Baiano
432 2329 530 2386 lacum
572 2333 681 2406 tangit.
739 2327 847 2406 Itaque
889 2327 972 2384 illam
1006 2336 1068 2385 tra-
1158 2339 1159 2342 ’

160 2420 311 2496 goediam,
339 2422 418 2478 hanc
446 2423 599 2500 appellare
629 2423 815 2481 comoediam
843 2423 943 2490 soleo;
974 2421 1069 2493 illam,
1158 2487 1159 2494 χ

162 2514 243 2590 quod
260 2519 344 2590 quasi
365 2516 531 2589 cothurnis,
546 2517 624 2574 hanc
645 2517 726 2595 quod
748 2521 832 2593 quasi
854 2515 989 2586 socculis,
1004 2535 1069 2574 sus·
1158 2507 1159 2542 ³

161 2611 286 2666 tinetur.
341 2609 401 2666 Sua
423 2615 544 2688 utrique
566 2615 742 2682 amoenitaS,
766 2619 798 2668 et
821 2619 948 2687 utraque
973 2613 1092 2686 possi:
1158 2617 1159 2620 ’

161 2700 249 2759 denti
263 2705 327 2778 ipsa
335 2702 517 2785 'diversitate
532 2706 698 2763 iucundior.
744 2705 830 2762 Haec
845 2705 911 2762 lacu
933 2708 1068 2780 propiuS,

162 2795 214 2851 illa
227 2795 317 2855 latius
331 2801 428 2854 utitur
441 2817 448 2865 ;
469 2797 544 2855 haec
560 2819 654 2855 unum
668 2803 768 2856 sinum
795 2798 878 2854 molli
894 2802 1068 2856 curvamine

194 3001 207 3023 ‘²
224 2992 279 3041 The
291 2992 452 3043 charioteers
463 2995 516 3044 and
527 2997 599 3045 their
610 3001 695 3046 toarno
706 3013 775 3047 wore
793 2995 869 3045 hired
886 3001 934 3045 out
952 2995 968 3045 b
998 2995 1068 3044 rival

162 3057 313 3133 companies
335 3075 365 3107 or
386 3059 552 3120 “faotione”
570 3061 665 3111 named
682 3061 750 3111 from
768 3062 815 3111 the
832 3061 935 3110 colours
951 3011 986 3109 ol
996 3061 1069 3110 their

161 3122 253 3186 lrvery.
299 3123 355 3172 The
377 3124 525 3174 “dimone’'
548 3127 601 3176 and
621 3127 752 3187 “Blues‚”
770 3127 928 3178 introduced
947 3127 974 3175 in
993 3125 1068 3190 early

162 3187 287 3250 Imperiul
311 3188 399 3248 times,
420 3189 534 3253 eclipsed
558 3191 604 3240 the
628 3196 682 3241 two
704 3192 779 3242 older
807 3191 866 3242 Red
895 3191 947 3240 and
975 3191 1068 3240 White

166 3290 221 3352 186
