2362 3794
339 403 428 463 THE
458 404 641 464 LETTERS
671 406 725 464 OF
754 405 879 464 PLINY

156 571 274 638 partem
289 564 490 640 praediorum,
504 565 558 622 sed
572 585 628 642 pro
641 571 813 642 gestatione
828 586 978 642 percurro.
1015 567 1062 624 Tu

156 694 408 752 consuetudinem
437 715 522 753 serva
549 698 696 774 nobisque
725 702 767 755 sic
801 702 921 756 rusticis
948 700 1063 756 urbana

155 835 223 884 acta
237 830 397 904 perscribe.
442 830 525 887 Vale.

571 1041 643 1096 XVl

352 1197 383 1254 C.
408 1197 530 1254 Pumrus
551 1198 731 1254 Maurtmrvo
754 1197 815 1256 Suo
837 1198 867 1257 S.

196 1353 330 1411 SUMMAM
352 1360 384 1411 te
409 1354 598 1430 voluptatem
623 1359 794 1432 percepisse
821 1375 858 1413 ex
880 1360 939 1414 isto
962 1360 1062 1433 copio-

158 1490 274 1544 sissimo
288 1505 402 1562 genere
417 1485 548 1543 venandi
569 1506 631 1543 non
645 1491 746 1559 miror,
762 1508 830 1544 cum
851 1487 1062 1549 historicorum

155 1638 239 1675 more
267 1619 379 1676 scribas
407 1638 568 1676 numerum
595 1623 664 1677 iniri
689 1640 750 1677 non
780 1624 923 1696 potuisse.
968 1621 1063 1680 Nobis

156 1753 259 1808 venari
271 1769 329 1806 nec
344 1757 438 1820 vacat,
448 1770 505 1807 nec
520 1751 614 1820 libet;
629 1771 690 1808 non
706 1760 800 1822 vacat,
812 1756 882 1830 quia
891 1752 1063 1811 vindemiae

155 1885 187 1937 in
215 1883 371 1950 manibus;
399 1901 460 1939 non
483 1883 568 1953 libet,
597 1888 667 1961 quia
695 1889 830 1960 exiguae.
875 1884 1064 1943 Devehimus

155 2021 260 2070 tamen
294 2033 348 2090 pro
380 2034 458 2071 novo
485 2022 586 2072 musto
620 2035 713 2072 novos
748 2014 909 2073 versiculos
943 2016 1064 2092 tibique

156 2146 369 2204 iucundissime
391 2151 537 2223 exigenti,
553 2155 587 2204 ut
608 2152 739 2223 primum
754 2147 939 2205 videbuntur
960 2147 1064 2205 defer-

156 2282 242 2350 visse,
257 2283 422 2336 mittemus.
467 2279 551 2337 Vale.

561 2465 650 2524 XVII

367 2637 398 2695 C.
423 2637 543 2694 Parmos
565 2637 717 2694 Gururoru
739 2636 800 2695 Suo
823 2636 851 2695 S.

199 2805 307 2862 Rucurr
330 2806 448 2865 litteras
476 2815 553 2878 tuas,
578 2807 686 2883 quibus
714 2811 849 2884 quereris
877 2806 980 2864 taedio
1004 2809 1064 2864 tibi

157 2949 249 3006 fuisse
280 2955 415 3028 quamvis
450 2950 646 3009 lautissimam
682 2972 797 3023 cenam,
826 2956 896 3028 quia
931 2971 1064 3023 scurrae,

157 3095 284 3166 cinaedi,
299 3100 449 3154 moriones
469 3101 582 3154 mensis
603 3097 785 3159 inerrabant.
829 3097 881 3154 Vis
903 3104 937 3154 tu
957 3101 1065 3155 remit-

156 3249 223 3299 tere
242 3241 356 3320 aliquid
381 3263 418 3299 ex
444 3245 549 3318 rugis?
592 3241 743 3319 Equidem
765 3242 841 3299 nihil
866 3241 928 3299 tale
952 3241 1064 3313 habeo,

160 3369 214 3407 212
