2334 3686
357 245 445 305 THE
475 243 659 304 LETTERS
689 241 744 304 OF
774 241 900 303 PLINY

592 480 659 537 CVI

357 613 389 670 C.
414 613 534 670 Pnrmus
555 612 694 669 Tnnmuo
717 614 906 669 Iurnnnrom

219 744 368 816 boninus,
389 745 521 815 domine,
548 765 566 801 a
593 745 623 801 P.
653 745 743 802 Accio
764 744 883 822 Aquila,
905 749 1088 802 centurione

178 844 309 902 cohortis
334 852 437 901 sextae
463 848 621 921 equestris,
637 851 672 900 ut
686 848 841 902 mitterem
856 845 912 900 tibi
936 843 1088 913 libellum,

178 963 233 1019 per
260 963 351 1020 quem
379 943 603 1020 indulgentiam
630 964 685 1021 pro
713 951 795 1000 statu
823 942 901 1000 filiae
930 962 1000 1000 suae
1032 947 1089 998 im-

178 1041 286 1118 plorat,
308 1042 417 1100 durum
440 1047 543 1118 putavi
567 1062 689 1119 negare,
711 1061 779 1098 cum
801 1045 918 1111 scirem,
939 1049 1089 1118 quantam

179 1140 291 1198 soleres
302 1140 432 1198 militum
448 1142 587 1216 precibus
602 1144 780 1218 patientiam
802 1141 1090 1217 humanitatemque

179 1246 340 1314 praestare.

586 1424 670 1480 CVII

491 1563 646 1622 Tauranus
669 1564 775 1622 Panno

223 1705 376 1763 Lmnunuu
402 1703 432 1760 P.
460 1704 544 1761 Accii
573 1704 713 1782 Aquilae,
741 1707 926 1761 centurionis
954 1703 1092 1762 cohortis

182 1820 285 1870 sextae
309 1815 466 1889 equestris
489 1832 580 1890 quem
602 1816 719 1882 misisti,
740 1811 820 1888 legi;
842 1815 925 1868 cuius
946 1813 1093 1886 prechus

182 1927 283 1977 motus
297 1917 367 1975 dedi
384 1917 461 1974 filiae
476 1923 540 1976 eius
557 1923 711 1976 civitatem
730 1919 902 1974 Romanam.
934 1916 1092 1976 Libellum

184 2029 330 2102 rescripti,
345 2045 437 2103 quem
452 2026 495 2082 illi
510 2026 662 2096 reddereS,
678 2030 744 2082 misi
759 2027 823 2082 tibi.

582 2335 681 2392 CVIII

367 2479 398 2536 C.
423 2477 543 2534 Panuus
563 2477 702 2533 Turiaso
724 2476 910 2532 Iursnuronr
1018 2497 1020 2501 ·

226 2619 310 2691 Quin
335 2619 446 2674 habere
471 2620 542 2673 iuris
566 2616 640 2673 velis
663 2624 696 2673 et
721 2616 867 2692 Bithynas
892 2623 924 2672 et
949 2615 1094 2673 Ponticas

185 2732 323 2784 civitates
351 2730 382 2781 in
411 2723 569 2800 exigendis
597 2727 743 2798 pecuniis
772 2742 849 2799 quae
878 2722 936 2779 illis
965 2721 1015 2778 vel
1055 2743 1092 2778 ex

185 2835 384 2892 locationibus
424 2833 471 2889 vel
511 2851 549 2888 ex
589 2831 813 2888 venditionibus
851 2830 954 2888 aliisve
994 2836 1093 2888 causis

186 2943 365 3012 debeantur,
401 2960 483 3016 roge,
511 2939 643 3008 domine,
676 2941 827 2996 rescribas,
885 2937 951 3014 Ego
987 2943 1092 2995 inveni

187 3211 246 3261 414
