2334 3686
351 355 441 416 THE
470 355 653 418 LETTERS
682 359 738 418 OF
767 357 893 416 PLINY

172 515 330 574 adfirmare
346 515 459 572 soleam
473 535 535 572 non
557 519 721 572 excessisse
734 534 784 572 me
799 534 969 584 numerum,
984 533 1074 590 quem

170 610 251 686 apud
299 609 517 686 amplissimum
564 609 702 666 ordinem
755 608 950 666 suffecturum
1001 607 1073 664 mihi

171 703 322 779 professus
345 722 420 762 sum.
462 702 529 760 Tuo
551 711 656 760 tamen
680 702 832 761 desiderio
857 702 1018 777 subscripsi
1043 711 1075 759 et

169 797 290 856 dedisse
304 816 354 854 me
369 801 415 854 ius
436 801 528 854 trium
547 796 711 854 liberorum
733 796 879 854 Suetonio
900 795 1075 872 Tranquillo

1144 720 1150 863 l

170 910 205 947 ea
220 891 407 961 condicione,
422 878 481 967 qua
502 891 636 962 adsuevi,
658 890 764 948 referri
786 895 816 946 in
842 894 1075 952 commentarios
1154 903 1158 920 '¹

1157 979 1159 1002 l

168 1004 252 1042 meos
266 989 346 1043 iussi.

571 1069 641 1086 Α

571 1159 668 1216 XCVI

345 1301 376 1358 C.
402 1301 523 1358 Pennus
543 1301 683 1357 Tnaiano
706 1299 894 1358 lucanaronr

209 1446 352 1505 Somnus
380 1456 428 1504 est
462 1447 549 1518 mihi,
576 1448 709 1518 domine,
744 1453 854 1519 omnia,
890 1447 929 1504 de
964 1449 1075 1525 quibus

168 1557 284 1628 dubito,
299 1558 337 1615 ad
352 1567 384 1616 te
405 1558 528 1616 referre.
572 1558 648 1631 Quis
670 1563 752 1616 enim
773 1567 875 1636 potest
895 1559 1003 1616 melius
1026 1561 1076 1616 vel

168 1673 394 1726 cunctationem
428 1689 528 1726 meam
563 1688 680 1744 regere,
708 1670 756 1726 vel
791 1674 993 1746 ignorantiam
1029 1675 1075 1726 in.-

168 1786 285 1835 struere
300 1781 311 1835 ?
354 1779 585 1855 Cognitionibus
599 1778 639 1837 de
651 1779 829 1837 Christianis
844 1781 970 1838 interfui
985 1801 1075 1849 num—

166 1909 264 1966 quam.
310 1889 384 1946 Ideo
412 1894 523 1960 nescio,
553 1891 626 1968 quid
655 1900 688 1949 et
716 1899 866 1968 quatenus
894 1901 947 1949 aut
972 1898 1075 1968 puniri
1153 1936 1156 1979 l

167 2001 271 2070 soleat,
285 2010 339 2058 aut
359 2006 471 2078 quaeri.
516 2003 581 2059 Nec
602 2003 797 2060 mediocriter
817 2003 972 2074 haesitavi,
991 2008 1075 2062 sitne

166 2111 287 2189 aliquod
302 2113 465 2170 discrimen
478 2121 625 2184 aetatum,
640 2133 678 2170 an
693 2114 861 2192 quamlibet
874 2119 974 2172 teneri
995 2116 1076 2172 nihil
1155 2154 1156 2174 η

165 2244 183 2280 a
204 2224 420 2282 robustioribus
447 2224 598 2296 differant,
626 2225 718 2283 detur
745 2229 952 2301 paenitentiae
973 2231 1079 2298 venia,
1154 2181 1157 2262 l

165 2353 204 2389 an
219 2337 257 2403 ei,
270 2339 322 2410 qui
336 2338 459 2391 omnino
473 2334 661 2392 Christianus
674 2334 742 2405 fuit,
756 2335 870 2392 desisse
883 2355 945 2392 non
966 2341 1078 2412 prosit,

165 2463 277 2500 nomen
304 2448 412 2520 ipsum,
441 2449 559 2502 etiamsi
592 2444 713 2521 flagitiis
747 2452 857 2515 careat,
885 2465 923 2501 an
957 2444 1080 2521 flagitia

165 2554 359 2612 cohaerentia
373 2560 492 2612 nomini¹
502 2559 674 2631 puniantur.

207 2663 334 2720 interim
362 2667 394 2720 in
421 2667 467 2734 iis,
495 2668 546 2740 qui
574 2663 613 2720 ad
641 2683 690 2720 me
719 2671 874 2740 tamquam
903 2663 1077 2722 Christiani
1155 2639 1156 2684 }

165 2767 391 2840 deferebantur,
406 2770 487 2826 hunc
503 2790 568 2826 sum
583 2779 705 2827 secutus
716 2769 848 2826 modurn.
881 2769 1080 2846 Interrogavi

164 2879 253 2950 ipsoS,
276 2897 314 2932 an
338 2885 441 2933 'essent
463 2876 634 2934 Christiani.
678 2876 865 2935 Confitentes
893 2881 1005 2934 iterum
1040 2900 1079 2934 ac

164 2986 256 3039 tertio
291 2987 475 3059 interrogavi
510 2983 691 3060 supplicium
726 2988 866 3040 minatus
925 2983 1080 3042 Perseve-

164 3097 266 3146 rantes
294 3089 364 3147 duci
392 3095 471 3146 iussi.
516 3090 625 3166 Neque
651 3095 732 3147 enirn
755 3090 942 3160 dubitabam,
965 3091 1079 3167 quale·
1154 3105 1155 3114 ¹

164 3216 292 3273 cunque.
305 3206 395 3267 essct,
410 3198 492 3274 quod
514 3197 694 3268 faterentur,
709 3202 908 3274 pertinaciam
930 3206 1016 3256 certe
1043 3207 1080 3256 et

168 3322 224 3368 100
