2334 3686
343 220 432 284 THE
462 215 646 284 LETTERS
675 226 729 283 OF
761 220 886 282 PLINY

161 392 373 445 consentiente
395 388 600 464 utebaturque
614 386 764 444 mandatis
785 390 857 457 tuiS,
871 386 979 462 quibus
1002 387 1068 441 eius

161 529 242 586 modi
265 529 444 587 donationes
466 536 616 586 vetantur.
661 526 728 583 Piso
749 534 854 583 contra
876 524 1006 602 plurima
1034 544 1068 581 se

161 673 192 724 in
213 669 430 744 rempublicam
450 667 614 725 contulisse
638 688 673 724 ac
690 686 783 743 prope
803 675 883 724 totas
904 665 1068 722 facultates

162 827 300 882 erogasse
321 807 450 864 dicebat.
495 806 639 864 Addebat
654 811 746 864 etiam
767 811 911 884 temporis
934 810 1068 882 spatium

160 946 404 1024 postulabatque,
429 966 468 1002 ne
492 945 533 1016 id,
556 945 637 1023 quod
661 965 715 1022 pro
735 946 839 1004 multis
864 954 897 1004 et
917 947 989 1003 olim
1017 968 1069 1004 ac-

161 1092 301 1163 cepisset,
326 1107 395 1144 cum
418 1089 573 1143 eversione
599 1085 732 1162 reliquae
754 1085 912 1162 dignitatis
935 1088 1068 1146 reddere

161 1236 329 1304 cogeretur.
373 1226 490 1298 Quibus
505 1247 542 1283 ex
562 1229 659 1283 causis
683 1230 833 1304 integram
858 1232 1068 1305 cognitionem

160 1369 359 1426 differendam
384 1372 561 1438 existimavi,
587 1376 622 1425 ut
643 1375 685 1438 te,
708 1368 840 1439 domine,
865 1369 1069 1442 consulerem,

159 1507 233 1586 quid
244 1507 433 1585 sequendum
446 1516 577 1583 putares,

578 1777 647 1833 CXI

470 1935 626 1992 Tnarauus
649 1934 753 1992 Panuo

200 2093 291 2150 S1cur
318 2092 494 2168 largitiones
518 2113 555 2149 ex
583 2091 706 2168 publico
733 2092 796 2149 fieri
823 2090 967 2148 mandata
994 2111 1068 2168 pro·
1149 2111 1150 2114 ¹

159 2224 276 2294 hibent,
290 2227 344 2294 ita,
357 2243 397 2280 ne
418 2224 582 2281 multorum
607 2227 751 2281 securitas
775 2225 945 2294 subruatur,
967 2223 1068 2283 factas

158 2362 230 2412 ante
245 2355 434 2432 aliquantum
447 2360 593 2431 temporis
607 2359 763 2413 retractari
777 2364 869 2433 atque
891 2361 922 2413 in
944 2360 1067 2415 irritum
1149 2375 1150 2388 ¹

158 2485 303 2542 vindicari
317 2506 378 2543 non
393 2495 526 2564 oportet.¹
566 2486 722 2564 Quidquid
737 2507 809 2564 ergo
830 2508 868 2545 ex
892 2488 949 2545 hac
973 2495 1068 2548 causa

158 2625 273 2694 actum·
294 2625 367 2674 ante
396 2621 504 2693 viginti
532 2637 626 2674 annos
654 2622 722 2689 erit,
750 2623 933 2678 omittamus
991 2621 1066 2680 Non

157 2751 258 2804 minus
279 2751 361 2804 enim
376 2747 547 2806 bominibus
561 2753 706 2827 cuiusque
720 2751 787 2822 loci,
802 2771 892 2828 quam
914 2759 1068 2830 pecuniae

157 2879 296 2955 publicae
312 2880 483 2938 consultum
497 2880 573 2939 volo.

157 3157 217 3226 418
