2334 3686
341 231 430 289 run
460 229 644 304 Lamnus
673 230 729 288 or
758 229 885 288 rnmv

158 389 318 448 debentur.
364 391 429 448 Nec
457 391 602 467 prolicere
630 411 685 468 pro
706 390 857 448 desiderio
879 389 1069 447 athletarum

159 519 261 588 potest
281 510 363 588 quod
385 531 489 568 eorum
510 532 588 589 quae
613 520 720 588 postea
739 511 890 570 iselastica
913 530 976 566 non
999 529 1070 566 esse

158 636 311 702 constitui,
334 651 424 709 quam
446 631 603 690 vicerantl
625 637 763 709 accipere
786 632 951 690 desierunt.
996 631 1070 688 Mu-

158 761 222 811 tata
253 757 335 810 euim
370 753 548 810 condicione
583 757 783 810 certaminum
821 752 916 808 nihilo
954 755 1069 822 minuS,

158 893 235 950 quae
249 880 322 930 ante
338 881 549 950 perceperant,
563 891 624 930 non
640 880 829 930 revocantur.

570 1216 653 1274 CXX

333 1377 364 1434 C.
390 1375 511 1434 Primus
531 1375 670 1432 Taurino
692 1376 880 1433 Iurruarom

906 1500 909 1520 .

199 1536 300 1601 Usouu
328 1539 361 1592 in
389 1535 446 1592 hoc
473 1543 605 1611 tempus,
630 1534 763 1606 domine,
792 1555 893 1612 neque
921 1540 1065 1614 cuiquam

156 1642 322 1720 diplomata
337 1641 523 1699 commodavi
537 1661 638 1719 neque
653 1646 685 1699 in
700 1661 765 1699 rem
784 1642 876 1699 ullam
900 1647 958 1700 nisi
977 1652 1064 1701 tuam

155 1754 231 1807 misi.
273 1749 373 1822 Quam
388 1757 567 1826 perpetuam
582 1753 784 1806 servationem
797 1768 897 1806 meam
912 1749 1063 1825 quaedam

155 1861 319 1915 necessitas
338 1859 428 1932 rupit.
474 1855 567 1914 Uxori
585 1859 667 1914 enim
681 1875 768 1913 meae
782 1855 887 1913 audita
899 1863 998 1913 morte
1013 1860 1062 1912 avi

155 1964 269 2020 volenti
298 1963 336 2020 ad
364 1967 488 2021 amitam
520 1983 604 2020 suam
639 1982 798 2020 excurrere
833 1981 920 2026 usum
955 1982 1061 2020 eorum

154 2089 267 2145 negare
302 2070 410 2126 durum
446 2073 559 2146 putavi,
588 2089 657 2126 cum
692 2068 761 2126 talis
788 2068 876 2125 officii
903 2072 1001 2144 gratia
1029 2073 1061 2126 in

155 2175 313 2232 celeritate
328 2179 518 2247 consisteret,
532 2179 700 2252 sciremque
722 2182 755 2232 te
772 2178 921 2233 rationem
942 2178 1062 2232 itineris

153 2283 359 2358 probaturum,
379 2287 463 2340 cuius
484 2303 573 2341 causa
596 2290 662 2340 erat
684 2287 789 2359 pietas.
836 2283 922 2340 Haec
944 2287 1061 2360 scripsi,

154 2395 224 2467 quia
239 2392 313 2448 mihi
328 2411 433 2467 parum
448 2399 552 2468 gratus
566 2392 623 2450 tibi
642 2390 706 2448 fore
726 2390 859 2461 videbar,
875 2393 899 2447 si
921 2389 1060 2448 dissimu-

153 2496 262 2554 lassem
289 2501 371 2555 inter
397 2497 455 2554 alia
482 2497 629 2555 beneficia
656 2497 713 2554 hoc
741 2517 836 2554 unum
866 2516 916 2555 me
944 2496 1060 2555 debere

153 2602 364 2679 indulgentiae
379 2612 460 2675 tuae,
474 2605 556 2681 quod
571 2603 679 2661 fiducia
694 2607 758 2660 eius
773 2605 856 2680 quasi
872 2601 1010 2660 consulto
1027 2612 1060 2661 te

153 2728 214 2766 non
249 2709 386 2767 dubitavi
414 2710 525 2782 facere,
553 2731 645 2789 quem
679 2715 703 2768 si
735 2709 962 2780 consuluissem,
991 2729 1061 2768 sero

153 2812 301 2872 fecissem.

186 2946 194 2976 ยน
207 2947 278 3012 quod
287 2963 452 3014 eorumquae
462 2953 555 3014 postea
563 2948 696 2998 iselastica
705 2963 757 2997 non
767 2963 823 2996 csse
830 2948 968 3009 constitui,
977 2965 1059 3014 quam

152 3013 414 3141 qipieirppatnrticgraeser,
427 3014 492 3079 quid
504 3029 594 3064 eorum
609 3030 636 3078 q.
648 3030 674 3078 p.
689 3015 718 3064 is.
735 3028 786 3062 non
798 3012 856 3078 lege
868 3019 964 3074 const,
978 3031 1059 3078 quam

176 3188 211 3226 โฐ0
