2334 3686
370 293 459 350 THE
488 294 671 353 Lm'rfflrs
699 297 756 354 OF
785 297 911 356 PLINY

604 529 673 586 CIV

366 678 397 734 C,
423 677 543 736 Pmruus
564 678 702 736 Tnsrsuo
725 680 911 738 Iupunsronr

230 819 388 890 Vriunrus,
424 819 556 891 domine,
594 820 744 892 Paulinus
776 831 905 899 excepto
934 827 1015 881 unol
1048 829 1091 881 ius

188 924 365 983 Latinorum
393 947 515 984 suorum
542 927 616 984 mihi
645 927 786 1005 reliquit3
821 949 859 986 ex
886 932 995 1007 quibus
1021 952 1091 1007 rogo

187 1033 283 1090 trihus
318 1037 440 1089 interim
470 1037 516 1090 ius
543 1033 709 1105 Quiritium
737 1034 800 1093 des.
858 1037 972 1093 Vereor
999 1042 1112 1108 enirn,-

187 1159 226 1195 ne
262 1143 301 1196 sit
336 1139 530 1197 immodicum
562 1161 616 1217 pro
644 1143 783 1200 omnibus
812 1146 926 1220 pariter
953 1147 1091 1200 invocare

187 1247 409 1323 indulgentiam
432 1255 526 1318 tuam,
541 1268 600 1324 qua
615 1249 713 1306 debeo
737 1257 825 1308 tanto
848 1251 1017 1308 modestius
1040 1255 1091 1321 uti,

187 1362 301 1432 quanto
322 1354 489 1430 pleniorem
504 1360 650 1432 experior.
694 1356 773 1415 Sunt
787 1366 899 1429 autem,
914 1378 969 1434 pro
983 1361 1091 1435 quibus

187 1470 269 1537 peto,
285 1461 316 1519 C.
334 1461 470 1520 Valerius
485 1464 640 1534 Astraeus
655 1464 686 1522 C.
703 1465 841 1524 Valerius
864 1465 1039 1543 Dionysius,
1062 1467 1090 1523 C.

187 1569 324 1626 Valerius
339 1570 430 1644 Aper.

615 1778 667 1835 CV

497 1920 653 1978 Tunmuus
676 1920 780 1978 Pirruo

228 2063 295 2118 Cun
331 2061 542 2120 honestissime
578 2064 622 2131 iis,
651 2065 702 2138 qui
733 2060 814 2137 apud
843 2061 933 2119 fidem
961 2069 1048 2118 tuam
1075 2083 1091 2116 a

116 2201 118 2206 .
188 2169 306 2226 Valerio
343 2168 467 2226 Paulino
506 2168 637 2244 depositi
676 2176 757 2239 sunt,
796 2169 967 2227 consultum
1008 2170 1090 2238 velis,

186 2283 304 2332 matura
325 2295 380 2351 per
403 2294 461 2332 me.
506 2275 547 2332 Iis
570 2278 703 2344 interim,
730 2275 839 2351 quibus
866 2294 947 2331 nunc
976 2279 1090 2349 petisti,

187 2381 306 2439 dedisse
334 2401 384 2438 me
409 2385 454 2438 ius
477 2381 642 2453 Quiritium
667 2379 771 2437 referri
800 2384 832 2437 in
860 2386 1091 2438 commentarios

187 2509 270 2547 meos
304 2493 375 2546 iussi
409 2489 490 2545 idem
525 2488 659 2546 facturus
689 2492 721 2544 in
753 2492 872 2557 ceteriS,
900 2507 954 2563 pro
982 2490 1090 2566 quihus

186 2600 318 2672 petieris

219 2725 227 2755 ¹
245 2731 356 2790 excepto
375 2743 427 2776 uno
447 2725 544 2788 Bipous
554 2745 561 2784 ;
579 2730 690 2790 excepto
707 2725 839 2787 [Paulino]
857 2742 909 2774 uno
927 2742 962 2784 a;
979 2731 1090 2790 excepto

186 2790 260 2839 Paul.
273 2791 335 2851 Au,
348 2792 452 2841 Mr'iller.

219 2916 232 2937 ‘⁸
249 2907 301 2958 Lit.
319 2907 386 2956 “his
398 2907 515 2956 Latinis
550 2907 590 2970 By
607 2924 623 2956 u
639 2907 691 2956 law
707 2906 801 2971 possed
823 2909 853 2957 19
865 2920 932 2966 A.1›.‚
955 2907 1089 2956 freedmen

186 2987 250 3020 over
272 2972 359 3036 thirty
377 2988 454 3036 years
476 2971 521 3021 old
545 2972 605 3021 who
623 2988 692 3022 were
714 2970 838 3037 formally
856 2971 1035 3022 manumitted
1054 2974 1088 3036 by
1127 2999 1128 3021 i
