2438 3790
413 371 502 431 THE
531 371 714 432 LETTERS
742 373 797 430 OF
826 371 952 431 PLINY

275 532 367 589 Hunc
386 531 541 589 hominem
562 531 846 608 adpetentissimum
869 537 926 602 tui,
942 532 1018 589 mihi
1035 531 1139 604 crede,

232 639 446 714 complectere,
461 638 668 715 adprehende,
683 643 775 695 immo
794 647 827 696 et
845 643 940 696 invita
953 659 987 695 ac
1003 643 1044 696 sic
1059 660 1139 710 ama,

231 753 387 823 tamquam
401 751 529 822 gratiam
545 746 665 804 referas.
710 745 819 823 Neque
842 751 923 804 enim
946 746 1139 822 obliganduS,

231 852 285 909 sed
313 852 551 910 remunerandus
575 861 622 910 est
646 857 678 909 in
706 857 815 910 amoris
843 854 949 923 officio,
976 857 1027 931 qui
1056 858 1141 929 prior

230 963 339 1034 coepit.
382 959 466 1016 Vale.

623 1133 744 1190 XXXII

354 1293 384 1348 C.
409 1292 530 1348 Pmnrus
552 1292 671 1348 Fasaro
695 1291 869 1348 Prosocero
890 1291 951 1349 Suo
974 1292 1002 1348 S.

272 1449 435 1506 Duuncron
455 1451 622 1508 iucundum
650 1452 705 1507 tibi
735 1449 827 1506 fuisse
855 1449 974 1506 Tironis
995 1453 1055 1505 mei
1085 1448 1140 1505 ad-

231 1565 376 1625 ventum;
410 1557 491 1634 quod
519 1577 591 1613 vero
623 1559 727 1614 scribis
756 1557 857 1615 oblata
885 1561 1041 1614 occasione
1070 1576 1141 1632 pro-

231 1663 362 1720 consulis
384 1663 529 1739 plurimos
551 1668 759 1734 manumissos
782 1668 871 1720 unice
895 1663 998 1721 laetor.
1043 1665 1141 1740 Cupio

232 1773 314 1826 enirn
328 1773 456 1844 patriam
466 1761 468 1764 ¹
478 1778 612 1827 nostram
627 1771 766 1828 omnibus
781 1770 905 1848 quidem
919 1773 1009 1828 rebus
1023 1775 1141 1847 augeri,

180 1906 182 1909 ·
232 1881 362 1933 maxime
390 1885 494 1934 tamen
523 1881 633 1934 civium
668 1897 814 1946 numero;
849 1877 881 1934 id
909 1882 991 1934 enim
1019 1877 1141 1954 oppidis

232 1983 434 2040 firmissimum
458 1991 679 2040 ornamentum.
724 1983 805 2040 Illud
828 1988 920 2041 etiam
944 2004 994 2042 me
1020 2004 1080 2040 non
1104 1992 1142 2041 ut

232 2089 433 2158 ambitiosum,
450 2088 504 2145 sed
518 2097 623 2145 tamen
642 2094 734 2160 iuvat,
759 2090 839 2167 qnod
862 2091 956 2148 adicis
981 2099 1013 2148 te
1028 2110 1141 2181 meque

233 2204 265 2252 et
280 2199 444 2271 gratiarum
460 2199 579 2253 actione
595 2205 626 2253 et
644 2197 733 2254 laude
756 2197 931 2255 celebratos,
976 2198 1031 2254 Est
1046 2202 1141 2268 enirn,

233 2310 268 2359 ut
282 2302 454 2378 Xenophon
469 2308 522 2374 ait,
543 2305 659 2380 ἥδιστον
680 2307 810 2381 ἄκουσμα
834 2305 964 2371 ἔπαινος,1
988 2309 1094 2384 utique
1115 2310 1141 2362 si

232 2416 265 2465 te
280 2414 389 2465 mereri
404 2418 502 2484 putes,
547 2411 629 2467 Vale.

615 2669 754 2727 XXXlll

464 2829 494 2885 C.
519 2827 639 2886 Pramus
661 2829 773 2885 Tacrro
795 2828 856 2886 Suo
878 2828 906 2885 S.
944 2827 947 2834 '

275 2988 428 3043 Aucunon
453 3006 510 3043 nec
535 3006 584 3042 mc
608 2986 688 3043 fallit
715 2991 874 3062 augurium
903 2985 1042 3043 historias
1070 2995 1141 3044 tuas

234 3093 419 3150 immortales
434 3093 550 3150 futuras
563 3113 570 3161 ;
585 3113 645 3170 quo
659 3097 755 3170 magis
769 3093 828 3149 illis
844 3095 990 3170 (ingenue
1005 3091 1139 3169 fatebor)

531 3223 539 3252 1
557 3223 624 3273 Xen.
638 3225 716 3274 Mem.
733 3225 759 3275 ii.
777 3227 798 3284 l,
813 3226 852 3274 31.

237 3322 276 3389 84
638 3332 641 3338 '
