2354 3802
316 384 405 442 THE
434 383 617 443 LETTERS
647 385 701 442 OF
730 385 857 442 PLlNY

133 545 329 613 cursitabant,
353 543 556 614 exsultabant,
572 543 769 620 plaudebant,
794 543 982 600 mirabantur
1005 562 1044 598 ac

133 675 246 734 deinde
261 675 396 752 singulos
410 683 515 751 gestus
536 675 677 732 dominae
691 696 760 732 cum
783 680 908 733 canticis
933 675 1044 733 redde-

133 811 208 866 bant
221 827 228 876 3
249 812 301 884 qui
316 827 397 865 nunc
419 811 612 883 exiguissima
625 807 737 884 legata,
752 806 910 865 theatralis
932 827 1045 883 operae

134 942 333 1011 corollarium,
347 945 499 1018 accipient
513 941 551 998 ab
566 939 690 1010 herede,
704 944 756 1016 qui
771 960 832 996 non
847 940 1013 1016 spectabat.

178 1076 272 1144 Haec,
288 1077 357 1151 quia
372 1073 460 1142 soles,
475 1076 499 1130 si
521 1071 593 1149 quid
618 1071 727 1129 incidit
749 1075 829 1143 novi,
843 1091 905 1127 non
930 1074 1045 1127 invitus

134 1205 250 1276 audire,
259 1206 373 1263 deinde
387 1210 457 1282 quia
465 1205 630 1263 iucundum
646 1213 693 1262 est
703 1203 788 1274 mihi,
803 1204 883 1282 quod
893 1222 1045 1279 ceperam,

135 1338 280 1414 gaudium
295 1337 455 1396 scribendo
470 1345 643 1395 retractare.
688 1315 820 1395 Gaudeo
830 1340 912 1393 enim
926 1339 1045 1411 pietate

135 1471 309 1541 defunctae,
324 1470 438 1527 honore
453 1473 561 1546 optimi
575 1474 712 1538 iuvenis;
733 1470 830 1528 laetor
845 1473 947 1539 etiam,
962 1467 1045 1544 quod

135 1604 242 1660 domus
256 1602 418 1680 aliquando
433 1602 464 1659 C.
481 1603 574 1673 Cassi,
588 1602 677 1660 huius
691 1606 743 1680 qui
755 1602 913 1659 Cassianae
923 1598 1045 1658 scholae

136 1742 276 1814 princeps
291 1744 323 1793 et
344 1755 452 1812 parens
475 1735 544 1806 fuit,
558 1739 670 1794 serviet
694 1735 816 1794 domino
839 1755 900 1792 non
924 1737 1043 1791 minori.

138 1869 282 1946 Implebit
317 1872 398 1926 enim
433 1867 516 1924 illam
545 1867 718 1940 Quadratus
745 1887 831 1925 meus
860 1875 893 1924 et
921 1866 1046 1924 decebit

136 2020 298 2078 rursusque
332 2004 361 2056 ei
395 2003 553 2076 pristinam
594 1999 788 2076 dignitatern,
823 1998 1044 2069 celebritatem,

111 2132 262 2208 'gloriam
297 2131 416 2201 reddet,
438 2151 506 2188 cum
533 2139 638 2188 tantus
667 2140 767 2189 orator
791 2133 863 2190 inde
885 2132 1043 2208 procedet,

137 2274 267 2343 quantus
281 2269 352 2322 iuris
367 2265 418 2355 ille
433 2264 595 2322 consultus,
640 2264 723 2322 Vale.

544 2601 632 2657 XXV

385 2760 416 2816 C.
442 2760 561 2817 Pmnrus
585 2761 667 2816 Ruso
689 2759 750 2817 Suo
772 2759 800 2818 S.

179 2917 366 2982 Oouanruu
389 2916 575 2974 eruditorum
597 2925 649 2974 aut
663 2918 812 2976 modestia
835 2923 967 2994 ipsorum
990 2928 1044 2977 aut

138 3053 223 3126 quies
237 3052 336 3124 operit
350 3069 384 3104 ac
399 3048 552 3106 subtrahit
565 3047 681 3106 famae!
726 3049 768 3106 At
782 3070 837 3108 nos
851 3070 902 3108 eos
921 3059 1043 3108 tantum

171 3248 183 3270 α
200 3239 264 3287 This
286 3243 362 3304 great
385 3239 494 3302 lawyer,
518 3239 666 3289 descended
693 3239 761 3290 from
784 3241 830 3290 the
853 3240 959 3292 Cassius
982 3241 1044 3292 who

140 3332 176 3388 62
