2354 3802
382 394 471 451 THE
501 392 682 452 LETTERS
712 393 766 451 OF
796 392 922 464 PLINY

199 551 335 609 solvendi
356 559 494 626 tempora
509 555 668 626 supersint.
715 551 750 607 ln
772 551 818 607 his
833 571 915 608 eram
931 555 1019 621 euris,
1035 569 1108 608 cum

198 660 360 716 scriberem
385 658 423 714 ad
448 665 498 725 te;
530 678 603 735 quas
628 663 652 714 si
675 657 751 714 deus
775 657 883 734 aliquis
908 657 1108 734 ingaudium

200 771 334 835 verterit,
350 766 388 822 de
404 773 488 823 metu
504 784 565 821 non
580 786 696 843 querar,
741 765 824 822 Vale.

618 999 676 1056 XX

422 1146 453 1202 C.
479 1145 601 1203 Primus
626 1145 739 1203 Txerro
763 1145 824 1203 Suo
850 1145 877 1203 S.

240 1290 359 1348 Lmuun
383 1299 471 1348 tuum
495 1291 557 1366 legi
582 1299 624 1362 et,
639 1312 728 1368 quam
751 1290 983 1367 diligentissime
1006 1287 1107 1367 potui,

197 1397 349 1467 adnotavi,
373 1418 451 1474 quae
480 1397 702 1468 commutanda,
730 1417 808 1475 quae
836 1398 997 1456 eximenda
1024 1400 1104 1457 arbi-

197 1512 301 1561 trarer.
347 1505 424 1562 Nam
452 1513 485 1561 et
513 1524 571 1581 ego
596 1524 701 1562 verum
728 1504 830 1562 dicere
855 1505 978 1562 adsuevi
1007 1513 1041 1562 et
1070 1515 1105 1564 tu

196 1611 330 1668 libenter
353 1611 466 1672 audire.
511 1611 620 1688 Neque
643 1616 724 1668 enim
746 1611 800 1668 ulli
821 1617 986 1688 patientius
1001 1631 1106 1688 repre-

196 1718 384 1791 henduntur,
399 1739 489 1797 quam
504 1723 555 1796 qui
569 1723 699 1775 maxime
713 1718 828 1776 laudari
842 1727 1007 1777 merentur.

238 1824 328 1882 Nunc
352 1847 369 1882 a
390 1835 423 1884 te
444 1826 554 1884 librum
568 1846 671 1883 meum
686 1846 755 1883 cum
775 1825 1021 1883 adnotationibus
1042 1830 1106 1884 tuis

197 1932 348 2000 exspecto
393 1924 422 1981 O
444 1924 601 1995 iucundas,
615 1945 633 1981 o
657 1923 797 2000 pulchras
821 1927 918 1981 vices!
940 1943 1030 2000 quam
1053 1945 1105 1982 me

196 2022 342 2093 delectat,
367 2023 458 2099 quod,
484 2027 508 2080 si
530 2043 589 2100 qua
614 2027 742 2100 posteris
770 2043 840 2081 cura
863 2025 967 2092 nostri,
993 2009 1102 2099 usque-

197 2139 316 2196 quaque
342 2121 521 2190 narrabitur,
544 2139 603 2197 qua
624 2119 793 2191 eoncordia,
815 2119 1019 2195 simplicitate,
1042 2119 1104 2178 fide

197 2219 378 2275 vixerimus!
409 2218 476 2276 Erit
505 2238 604 2275 rarum
633 2227 666 2277 et
700 2223 819 2294 insigne
854 2217 930 2275 duos
964 2216 1105 2276 homines

196 2322 307 2386 aetate,
328 2315 479 2391 dignitate
500 2317 719 2394 propemodum
738 2315 888 2393 aequales,
908 2335 969 2372 non
991 2315 1104 2374 nullius

197 2416 228 2468 in
243 2413 354 2470 litteris
368 2419 498 2472 nominis
521 2417 626 2492 (cogor
638 2419 720 2473 enim
741 2414 781 2471 de
796 2423 828 2472 te
849 2433 970 2491 quoque
984 2419 1103 2490 parcius

197 2512 308 2583 dicere,
337 2517 407 2590 quia
434 2514 473 2570 de
501 2533 551 2572 me
579 2513 668 2572 simul
696 2514 787 2589 dieo),
815 2513 944 2571 alterum
978 2512 1103 2571 alterius

198 2611 298 2669 studia
322 2611 439 2669 fovisse.
485 2611 635 2689 Equidem
663 2610 920 2681 adulescentulus,
945 2595 1014 2667 cum
1042 2615 1102 2668 iam

198 2719 232 2768 tu
262 2709 342 2766 sama
371 2710 526 2788 gloriaque
558 2710 688 2780 floreres,
719 2717 750 2766 te
779 2713 874 2785 sequi,
904 2710 960 2766 tibi
990 2707 1101 2785 ‘longo
1137 2754 1138 2758 η

199 2808 253 2867 sed
281 2813 433 2886 proximus
461 2807 658 2866 intervallol'
689 2816 721 2865 et
750 2828 815 2865 esse
843 2815 876 2864 et
903 2807 1007 2864 haberi
1031 2827 1102 2882 con·
1138 2887 1139 2891 Ἰ

199 2910 398 2983 cupiscebam.

240 3006 280 3064 Et
300 3015 387 3064 erant
409 3007 506 3063 multa
533 3006 695 3063 clarissima
718 3009 862 3082 ingenia;
891 3003 945 3062 sed
969 3012 1004 3062 tu
1026 3003 1100 3062 mihi

200 3105 255 3181 (ita
277 3104 443 3163 similitudo
465 3112 590 3162 naturae
619 3103 750 3180 ferebat)
779 3107 909 3160 maxime
937 3103 1099 3175 imitabilis,

532 3235 540 3266 ¹
558 3235 659 3286 Aeues'd
673 3251 695 3286 v.
711 3237 768 3286 320.

201 3344 236 3403 52
