2352 3802
371 385 461 444 THE
489 385 673 445 LETTERS
702 385 757 444 OF
783 385 918 468 PLINY¹

189 544 274 602 illum
309 552 501 621 quaestorem
536 549 568 601 in
603 543 771 614 consulatu,
806 547 867 602 mei
895 562 1014 600 summe
1042 543 1093 599 ob·

190 672 447 726 servantissimum
475 676 626 744 expertus.
670 668 800 726 Tantam
825 666 899 724 mihi
927 674 996 742 post
1025 685 1096 722 con·

189 790 322 848 sulatum
343 796 545 848 reverentiam
559 798 703 868 praestat,
719 799 754 849 ut
767 790 907 867 publicae
928 794 1096 848 necessitu-

190 913 269 972 dinis
297 919 424 992 pignora
445 919 569 992 privatis
591 914 728 973 cumulet
749 915 860 972 officiis
890 914 990 990 ¹Rogo
1013 933 1097 990 ergo,

190 1045 226 1095 ut
253 1042 318 1114 ipse
340 1037 422 1115 apud
444 1046 477 1095 te
501 1058 556 1115 pro
580 1038 732 1114 dignitate
760 1043 825 1096 eius
853 1038 993 1114 precibus
1022 1041 1098 1094 meis

191 1159 301 1232 faveas
329 1164 378 1218 eui
406 1168 448 1231 et,
476 1165 502 1218 si
529 1160 603 1238 quid
629 1160 705 1218 mihi
736 1160 844 1231 credis,
872 1160 1098 1237 indulgentiam

191 1292 275 1342 tuam
290 1285 383 1342 dabis.
428 1285 523 1343 Dabit
544 1289 609 1362 ipse
630 1304 763 1361 operam,
785 1293 820 1344 ut
842 1289 874 1342 in
897 1290 943 1358 iis,
964 1304 1045 1362 quae
1070 1289 1099 1342 ei

191 1409 390 1482 mandaveris,
424 1413 537 1466 maiora
571 1418 731 1469 mereatur.
789 1409 958 1467 Parciorem
987 1429 1038 1467 me
1065 1413 1097 1465 in

191 1532 343 1590 laudando
366 1532 448 1603 facit,
469 1533 550 1610 quod
572 1553 660 1610 spero
680 1535 737 1591 tibi
752 1541 785 1590 et
799 1537 1011 1610 integritatem
1034 1537 1097 1590 eius

191 1664 224 1715 et
259 1657 441 1732 probitatem
471 1663 503 1714 et
530 1656 710 1714 industriam
738 1677 800 1714 non
828 1656 925 1715 solum
959 1677 997 1713 ex
1035 1661 1097 1714 eius

192 1781 364 1853 honoribus
379 1801 454 1858 quos
468 1785 501 1839 in
515 1783 589 1839 urbe
604 1782 660 1840 sub
675 1782 768 1840 oculis
783 1786 843 1839 tuis
865 1785 969 1858 gessit,
991 1800 1097 1837 verum

193 1909 286 1961 etiam
308 1923 345 1960 ex
361 1903 538 1961 commilitio
559 1924 626 1962 esse
647 1908 844 1962 notissimam.
889 1903 969 1960 Illud
991 1923 1097 1973 unum,

193 2029 274 2106 quod
302 2037 428 2106 propter
451 2032 609 2085 caritatem
632 2032 696 2086 eius
724 2029 861 2086 nondum
888 2027 963 2084 mihi
994 2027 1098 2085 videor

193 2157 265 2212 satis
286 2152 378 2230 plene
399 2151 518 2224 fecisse,
533 2155 627 2209 etiam
646 2161 740 2230 atque
761 2157 855 2210 etiam
875 2151 971 2228 facio;
992 2159 1097 2229 teque,

192 2279 324 2348 domine,
346 2298 429 2356 rogo,
452 2277 586 2356 gaudere
606 2298 656 2336 me
677 2286 823 2337 exornata
846 2281 1015 2356 quaestoris
1038 2280 1098 2334 mei

192 2401 354 2478 dignitate,
376 2401 408 2459 id
429 2409 477 2460 est
497 2421 553 2478 per
573 2401 659 2460 ilium
681 2421 759 2473 mea,
781 2421 872 2479 quam
894 2402 1097 2457 maturissime

193 2525 274 2584 velis

585 2755 705 2813 XXVII

372 2915 403 2972 C.
428 2915 548 2973 Primus
569 2917 708 2973 Tnsmno
730 2914 918 2971 Inrnnnrom

235 3073 390 3145 Marinus,
424 3074 552 3132 libertus
580 3082 613 3132 et
639 3079 815 3150 procurator
846 3080 928 3143 tuus,
961 3069 1095 3140 domine,

193 3205 315 3272 praeter
342 3197 450 3255 decem
478 3197 694 3268 beneficiarios
722 3216 797 3272 quos
822 3194 974 3270 adsignari
1002 3215 1020 3251 a
1047 3213 1096 3250 me

197 3317 254 3388 308
321 3313 326 3325 '
