2352 3802
337 369 426 427 THE
455 366 638 428 LETTERS
666 369 721 428 OF
751 367 876 427 PLINY

156 536 268 586 neuter
281 532 381 598 timet,
396 535 506 584 neuter
519 532 664 596 timetur3
678 528 767 585 huius
788 528 906 598 fiducia,
921 547 1062 585 mansue-

155 636 230 694 tudo
258 636 338 693 illius
365 644 503 711 augetur.
549 637 613 693 Nec
648 656 709 692 non
744 636 794 692 alii
830 641 916 712 pueri
952 635 1062 694 dextra

154 744 299 821 laevaque
324 742 413 801 simul
438 751 514 801 eunt
538 743 696 800 hortantes
717 751 947 819 monentesque.
992 742 1063 800 Ibat

155 871 215 908 una
243 849 287 928 (id
315 869 435 927 quoque
471 849 593 928 mirum)
630 849 793 926 delphinus
828 849 903 906 alius
938 857 1061 906 tantum

155 964 308 1033 spectator
322 964 355 1013 et
373 975 481 1014 comes.
526 956 610 1012 Nihil
631 960 713 1013 enim
735 955 832 1013 simile
854 963 908 1013 aut
928 955 1061 1013 faciebat

154 1071 208 1120 aut
222 1063 404 1139 patiebatur,
419 1063 474 1121 sed
488 1063 618 1121 alterum
632 1063 717 1120 illum
729 1063 862 1120 ducebat
882 1062 1061 1120 reducebat-

154 1190 224 1247 que,
238 1179 273 1228 ut
287 1189 415 1247 puerum
429 1175 524 1228 ceteri
537 1175 632 1247 pueri.

197 1278 390 1350 Incredibile,
408 1287 472 1336 tam
495 1298 599 1336 verum
624 1286 728 1336 tamen
749 1297 840 1356 quam
864 1281 972 1354 priora,
994 1278 1067 1336 dep.

154 1385 281 1463 phinum
295 1395 481 1463 gestatorem
502 1386 740 1463 collusoremque
762 1407 922 1463 puerorum
944 1391 976 1443 in
998 1395 1060 1445 ter-

154 1515 217 1550 ram
232 1515 351 1571 quoque
367 1495 485 1553 extrahi
499 1495 622 1552 solitum
638 1479 819 1572 harenisque
835 1499 991 1566 siccatum,
1006 1497 1059 1553 ubi

153 1602 337 1673 incaluisset,
372 1607 404 1659 in
439 1622 522 1661 mare
556 1602 677 1659 revolvi.
735 1603 862 1660 Constat
896 1602 1059 1660 Octavium

154 1710 291 1781 Avitum,
304 1710 441 1786 legatum
456 1711 643 1787 proconsulis
657 1714 689 1767 in
704 1711 775 1769 litus
790 1711 902 1768 educto
910 1710 1059 1788 religione

153 1837 244 1894 prava
258 1817 461 1894 superfudisse
475 1826 677 1894 unguentum,
692 1810 779 1876 cuius*
789 1814 876 1875 illum
890 1822 1059 1876 novitatem

155 1925 339 2002 odoremque
363 1929 395 1982 in
418 1924 514 1982 altum
536 1925 685 2002 refugisse
706 1945 764 1983 nec
784 1929 842 1982 nisi
863 1933 932 2001 post
945 1925 1059 1983 multos

156 2033 221 2090 dies
237 2037 332 2091 visum
346 2033 526 2110 languidum
540 2042 573 2091 et
587 2042 747 2104 maestum,
762 2053 832 2090 mox
847 2032 975 2090 redditis
991 2037 1059 2089 viri-

153 2143 211 2198 bus
225 2146 354 2218 priorem
376 2141 528 2199 lasciviam
550 2151 582 2200 et
603 2142 692 2200 solita
712 2145 879 2198 ministeria
899 2144 1057 2216 repetisse.

155 2247 355 2306 Confluebant
391 2249 429 2305 ad
467 2249 673 2325 spectaculum
711 2267 817 2306 omnes
853 2252 1058 2324 magistratus,

153 2375 281 2431 quorum
301 2356 435 2414 adventu
458 2365 490 2414 et
514 2377 597 2414 mora
620 2357 740 2414 modica
763 2354 952 2433 respublica
972 2359 1058 2412 novis

153 2463 324 2538 sumptibus
337 2464 536 2522 atterebatur.
575 2465 730 2522 Postremo
745 2463 828 2520 locus
841 2467 906 2539 ipse
920 2466 1058 2539 quietem

153 2589 237 2626 suam
258 2578 469 2647 secretumque
483 2571 639 2647 perdebat.
686 2571 802 2628 Placuit
822 2569 941 2628 occulte
962 2573 1058 2626 inter-

154 2677 200 2734 fici
215 2678 253 2735 ad
268 2677 349 2755 quod
363 2680 507 2736 coibatur.

194 2785 282 2841 Haec
316 2793 352 2842 tu
387 2806 446 2862 qua
481 2789 685 2856 miseratione,
712 2804 773 2862 qua
807 2788 893 2861 copia
921 2783 1057 2855 deflebis,

185 2967 198 2990 ‘²
214 2959 242 3008 It
253 2975 308 3008 was
325 2975 340 3008 a
357 2959 481 3024 religious
499 2975 638 3023 ceremony
655 2957 789 3022 practised
807 2957 844 3022 by
863 2958 909 3007 the
926 2959 1055 3018 untionis,

153 3029 181 3073 to
198 3040 265 3088 pour
281 3027 402 3089 precious
419 3026 551 3074 ointment
568 3041 637 3089 upon
656 3025 703 3074 the
720 3029 823 3073 statues
840 3023 867 3072 ol
885 3023 955 3073 their
971 3023 1056 3088 gods:

153 3091 260 3149 Avitus,
275 3091 297 3139 it
314 3091 337 3139 is
349 3089 482 3155 probable‚
497 3089 630 3156 irnagined
647 3091 702 3138 this
719 3088 829 3152 dolphin
842 3105 895 3137 was
913 3105 983 3138 some
1002 3105 1055 3138 sea-

153 3154 279 3219 divinity,
293 3155 346 3205 and
363 3155 496 3205 therefore
508 3155 648 3220 expressed
667 3155 708 3203 his
725 3155 879 3204 veneration
899 3154 926 3203 ol
944 3154 999 3202 him
1021 3155 1056 3219 by
1114 3165 1116 3170 “

154 3219 200 3268 the
211 3220 353 3284 solemnity
365 3221 392 3280 oi
403 3238 419 3270 a
431 3221 522 3270 sacred
534 3221 650 3269 unctiori.
688 3219 802 3281 (Melm.)

156 3329 213 3386 254
