2352 3802
366 377 455 434 THE
486 378 667 436 LETOERS
695 379 751 438 OF
780 380 907 436 PLINY

596 639 675 696 xllr

364 796 395 853 C.
421 796 541 853 Puruus
561 797 701 854 Taulano
723 797 910 854 Iuruuaronr

225 955 293 1011 Curi
322 958 424 1024 sciam,
451 954 584 1024 domine,
608 955 648 1012 ad
671 959 882 1012 testimonium
905 931 1094 1033 laudemque

185 1090 302 1127 morum
322 1091 458 1128 meorum
480 1075 633 1147 pertinere
648 1079 712 1128 tam
726 1073 798 1128 boni
816 1075 960 1148 prinpris
979 1071 1094 1128 iudicio

185 1190 334 1255 exornari,
368 1205 451 1262 rogo,
478 1185 632 1260 dIgnitati‚
667 1186 706 1242 ad
740 1205 832 1262 quam
866 1205 916 1242 me
951 1191 1094 1262 provexit

184 1300 377 1377 indulgentia
398 1311 461 1372 tua,
483 1302 530 1359 vel
553 1310 735 1378 auguratum
756 1301 805 1358 vel
829 1304 1091 1376 septemviratum,

184 1421 255 1494 quia
290 1425 407 1486 vacant,
435 1417 556 1474 adicere
590 1416 735 1492 dIgneris,
763 1424 799 1472 ut
829 1420 893 1472 iure
928 1415 1091 1472 sacerdotii

185 1537 301 1608 precari
323 1533 397 1589 deos
412 1541 512 1608 prote
527 1532 648 1608 publice
662 1536 785 1608 possim,
797 1551 873 1608 quos
887 1550 969 1586 nunc
984 1549 1091 1607 precor

185 1652 301 1723 pietate
315 1652 440 1724 privata.

600 1868 674 1925 XIV

363 2026 397 2086 C.
420 2027 540 2083 Pnaws
560 2026 699 2082 Tauno
722 2025 909 2082 Iurnnaroru

227 2183 393 2240 Vrr'uourau
414 2191 495 2253 tuae,
515 2187 631 2258 optime
652 2187 825 2259 imperatur,
846 2186 1004 2252 maximae,
1022 2181 1087 2258 pul-

186 2298 365 2369 cherrimae,
398 2303 625 2374 autiquISSImae
660 2308 694 2356 et
726 2307 781 2355 tuo
815 2303 939 2356 nomine
973 2306 1006 2356 et
1045 2303 1086 2356 rei

187 2413 325 2490 publicae
360 2413 496 2489 gratulor
523 2414 657 2492 deosque
690 2415 877 2473 immortales
910 2435 1027 2491 precor,
1053 2423 1087 2472 ut

187 2547 292 2584 omnes
306 2531 507 2603 cogitationes
520 2536 589 2586 tuas
602 2537 666 2586 tam
680 2530 778 2586 laetus
792 2536 937 2606 sequatur
950 2537 1085 2599 eventus,

188 2649 223 2698 ut
256 2644 418 2700 virtutibus
447 2647 542 2700 tantis
569 2643 665 2719 gloria
694 2648 814 2720 Imperii
841 2652 874 2703 et
900 2651 1030 2701 novetur
1055 2653 1086 2702 et

219 2924 232 2946 ‘⁸
248 2915 304 2964 The
316 2917 423 2980 Augurs
433 2917 486 2966 and
499 2918 546 2967 the
557 2919 716 2982 Septemviri
732 2917 835 2968 formed
852 2924 907 2968 two
922 2919 950 2968 οὶ
966 2919 1013 2969 the
1029 2919 1084 2968 four

187 2985 263 3044 great
290 2982 403 3046 priestly
434 2981 553 3048 oolleges.
606 2985 684 3048 Pliny
713 2983 833 3034 recoiued
862 2984 908 3032 tho
935 2985 1083 3048 Augurship

188 3051 296 3107 (vocant
320 3045 355 3110 by
380 3046 427 3096 the
449 3047 533 3098 death
555 3049 583 3098 οἱ
603 3050 694 3099 Julius
721 3049 884 3110 Frontinus),
910 3048 1037 3115 probably
1057 3051 1083 3100 in

168 3112 236 3160 -103
247 3124 304 3160 nu.
340 3111 422 3174 esdr.
438 3115 461 3162 8.

192 3324 249 3379 ²94
