2352 3802
360 393 449 450 rus
478 391 662 450 sumnus
690 387 746 447 or
776 387 901 445 emur
1150 416 1153 517 Ι

553 675 702 733 XXXVII

1152 712 1155 755 Ι

251 899 256 908 ,
350 838 382 896 C.
407 837 527 894 Puuuus
548 835 687 892 Tranio
709 833 897 891 luruuaroru
1152 764 1155 915 X

1154 938 1155 967 i

217 997 253 1055 Iu
274 1015 370 1074 aquae
391 996 528 1064 ductum,
548 992 683 1062 domine,
705 992 943 1050 Nicomedenses
964 996 1082 1068 impen-

175 1103 288 1161 derunt
316 1105 490 1160 sestertium
519 1097 604 1179 [iiii]
626 1100 763 1170 ἶόῶᾶιῐ,
798 1104 849 1176 qui
883 1098 1083 1175 imperfectus
1152 1038 1155 1125 ⁴

175 1211 275 1268 adhuc
298 1208 421 1266 relictus
443 1228 479 1263 ac
502 1211 595 1263 ctiam
618 1206 792 1264 destructus
821 1215 886 1266 est:
920 1227 1022 1264 rursus
1051 1211 1083 1262 in
1154 1248 1156 1263 ,

175 1317 269 1374 alium
283 1316 409 1373 ductum
424 1322 548 1390 erogata
562 1323 634 1372 sunt
655 1335 697 1372 cc.
742 1315 812 1371 Hoc
833 1334 953 1391 quoquc
975 1314 1084 1371 relicto

176 1443 254 1480 novo
282 1421 437 1499 impendio
466 1429 513 1479 est
545 1441 630 1498 opus,
657 1429 694 1478 ut
720 1441 829 1498 aquam
858 1421 1003 1492 habeant,
1032 1425 1085 1498 qui

176 1538 295 1587 tantam
323 1532 484 1605 pecuniam
505 1528 585 1585 male
607 1527 816 1604 perdiderunt.
861 1527 931 1603 Ipse
955 1531 1084 1603 perveni
1157 1518 1159 1527 ’

177 1636 214 1693 ad
230 1635 349 1692 fontem
370 1639 572 1710 purissimum,
587 1654 625 1691 ex
646 1655 706 1712 quo
728 1635 849 1694 videtur
869 1654 947 1711 aqua
968 1633 1084 1691 debere
1158 1636 1160 1659 ¹

177 1742 313 1819 perduci,
328 1745 406 1798 sicut
420 1745 507 1798 initio
522 1748 677 1799 tentatum
692 1750 767 1812 erat,
782 1749 904 1800 arcuato
926 1760 1029 1817 opere,
1045 1760 1084 1797 ne

177 1856 298 1907 tantum
326 1847 364 1906 ad
399 1848 489 1925 plana
524 1852 653 1906 civitatis
689 1857 722 1906 et
756 1849 881 1906 humilia
915 1852 1083 1925 perveniat.

179 1954 309 2013 Manent
331 1954 430 2012 adhuc
458 1958 629 2031 paucissimi
657 1974 761 2023 arcus3
792 1963 919 2032 possunt
947 1962 980 2012 et
1007 1957 1085 2029 erigi

179 2062 301 2139 quidam
329 2062 430 2139 lapide
458 2061 615 2138 quadrato,
651 2067 702 2140 qui
738 2082 775 2119 ex
811 2065 963 2138 superiore
992 2082 1085 2137 opere

179 2170 334 2227 detractus
350 2177 415 2238 est;
436 2168 536 2247 aliqua
557 2190 634 2245 pars,
649 2178 685 2227 ut
706 2169 780 2226 mihi
802 2169 933 2240 videtur,
947 2177 1086 2226 testaceo

179 2295 270 2350 opere
285 2273 404 2350 agenda
419 2279 477 2331 erit
490 2293 497 2343 ;
520 2275 550 2331 id
566 2279 648 2331 enim
663 2283 696 2332 et
710 2275 827 2332 facilius
848 2282 881 2332 et
903 2275 998 2332 vilius
1044 2276 1087 2333 Et

179 2387 212 2438 in
234 2386 337 2458 primis
359 2385 562 2439 necessarium
585 2390 633 2440 est
654 2386 737 2439 mitti
757 2403 775 2439 a
795 2391 828 2440 te
849 2382 898 2440 vel
912 2382 1088 2460 aquilegem

180 2488 228 2545 vel
256 2487 466 2558 architectum,
496 2507 535 2544 ne
564 2508 664 2546 rursus
694 2493 825 2562 eveniat,
854 2488 934 2567 quod
963 2489 1086 2546 accidit.

181 2596 247 2673 Ego
275 2596 350 2653 illud
378 2616 472 2653 unum
507 2594 642 2667 adfirmo,
671 2604 704 2654 et
731 2596 897 2654 utilitatem
924 2601 1024 2673 operis
1054 2605 1089 2654 et
1162 2591 1163 2594 ¹

181 2701 441 2777 pulchritudinem
458 2701 578 2759 saeculo
593 2710 647 2759 tuo
662 2722 728 2760 esse
743 2703 959 2780 dignissimam.

213 2849 227 2871 ⁶
243 2840 334 2890 About
345 2843 465 2902 eunucu.

213 2906 223 2936 ¹³
241 2905 296 2954 The
308 2907 376 2956 Poat
388 2909 419 2956 de
432 2908 507 2956 Gord
519 2923 583 2957 near
594 2890 688 2958 Nimes
706 2909 876 2972 (Nouanus)
893 2911 916 2960 is
933 2926 949 2958 a
966 2909 1088 2973 magnifi-

181 2977 242 3020 cent
254 2970 383 3036 specimen
396 2972 423 3022 οἱ
435 2973 509 3022 these
521 2974 688 3038 overground
700 2975 853 3039 aqueductu.
