2438 3790
380 333 468 389 THE
497 331 680 390 LETTERS
709 333 763 390 OF
793 333 920 391 PLINY

240 481 280 548 Et
291 490 366 548 haec
375 490 498 569 quidem
507 491 849 560 addnnantibus·credo;
860 492 936 550 illud
945 493 1103 554 adfirmare

198 597 263 654 aliis
298 617 427 674 possum.
487 597 542 656 Est
579 598 706 656 libertus
744 599 819 656 mihi
858 599 997 657 Marcus¹
1041 621 1103 657 non
1210 649 1211 692 g

186 695 367 762 illiteratus.
425 705 500 761 Cum
535 705 592 762 hoc
627 709 725 762 minor
759 705 853 763 frater
885 706 993 763 eodem
1021 706 1103 763 lecto

198 812 380 888 quiescebat.
434 813 463 870 Is
485 817 565 870 visus
590 821 638 871 est
662 815 718 871 sibi
746 833 872 870 cernere
896 812 1049 890 quendam
1070 817 1103 869 in
1210 819 1211 892 ξ

198 926 264 975 toro
288 918 474 976 residentem
495 919 770 996 admoventemque
795 923 888 995 capiti
912 939 965 976 suo
990 918 1104 977 cultros
1210 979 1211 1016 ,

197 1033 290 1102 atque
315 1030 408 1083 etiam
436 1046 474 1082 ex
502 1031 567 1113 ipso
592 1030 706 1084 vertice
733 1034 944 1102 amputantem
970 1025 1102 1103 capillos.
1210 1019 1211 1076 ἒ

201 1133 261 1190 Ubi
275 1132 385 1203 illuxit,
399 1137 464 1208 ipse
476 1137 555 1189 circa
564 1137 709 1190 verticem
724 1140 839 1203 tonsus,
854 1132 955 1208 capilli
968 1136 1104 1191 iacentes
1210 1175 1211 1196 ,

198 1247 399 1319 reperiuntur.
444 1243 596 1318 Exiguum
616 1246 762 1318 temporis
785 1241 929 1312 medium,
951 1249 984 1299 et
1003 1261 1104 1299 rursus

198 1350 295 1408 simile
309 1350 391 1407 aliud
412 1354 503 1426 priori
523 1349 612 1406 fidem
635 1348 717 1406 fecit.
762 1348 841 1406 Puer
862 1353 894 1406 in
916 1349 1105 1426 paedagogio

198 1461 311 1514 mixtus
335 1456 470 1532 pluribus
493 1455 680 1524 donniebat3
705 1464 856 1514 venerunt
878 1476 934 1532 per
954 1456 1104 1514 fenestras
1210 1489 1211 1494 κ

199 1564 254 1643 (ita
289 1562 403 1640 narrat)
445 1569 477 1621 in
518 1567 629 1620 tunicis
670 1565 746 1621 albis
783 1565 844 1622 duo
879 1566 1104 1642 cubantemque

198 1669 407 1728 detonderunt
427 1677 469 1741 et,
491 1691 550 1747 qua
573 1679 730 1741 venerant,
758 1680 957 1730 recesserunt.
1010 1672 1105 1728 Hunc

198 1796 319 1854 quoque
330 1784 451 1834 tonsum
463 1796 640 1853 sparsosque
655 1782 734 1835 circa
744 1779 867 1854 capillos
879 1778 944 1836 dies
958 1778 1103 1848 ostendit.

200 1883 284 1941 Nihil
302 1883 437 1942 notabile
457 1891 605 1954 secutum,
621 1889 678 1942 nisi
692 1884 772 1942 forte
786 1886 867 1962 quod
882 1906 944 1942 non
958 1885 1002 1943 fui
1016 1906 1105 1954 reus3

199 1991 327 2062 futuruS,
356 1995 380 2048 si
410 1990 611 2062 Domitianus,
639 1992 696 2048 sub
724 2012 784 2069 quo
811 1992 887 2049 haec
917 1991 1105 2063 acciderunt,

160 2095 165 2104 ’
199 2098 313 2155 diutius
328 2101 458 2156 vixisset.
503 2097 582 2154 Nam
604 2102 637 2154 in
660 2103 769 2156 scrinio
791 2103 856 2156 eius
877 2098 967 2155 datus
989 2119 1007 2154 a
1028 2098 1105 2154 Caro
1210 2143 1211 2146 ,

198 2210 238 2267 de
253 2229 302 2266 me
316 2209 437 2266 libellus
450 2212 593 2267 inventus
608 2218 672 2278 est3
688 2231 725 2267 ex
740 2230 800 2286 quo
814 2213 978 2272 coniectari
992 2216 1105 2285 potest,

199 2326 269 2399 quia
290 2326 348 2379 reis
362 2325 452 2378 moris
467 2330 515 2379 est
529 2323 708 2380 submittere
724 2321 876 2398 capillum,
897 2325 1007 2379 recisos
1022 2341 1105 2379 meo-

199 2455 266 2491 rum
280 2433 404 2509 capillos
414 2402 543 2509 depulsi,
553 2434 634 2511 quod
648 2435 836 2505 imminebat,
846 2432 972 2509 periculi
984 2437 1106 2509 signum

198 2543 299 2602 fuisse.

242 2655 371 2712 Proinde
390 2676 463 2732 rogo
486 2656 688 2714 eruditionem
706 2665 791 2714 tuam
809 2656 959 2714 intendas,
1004 2655 1108 2732 Digna

199 2787 247 2823 res
270 2773 327 2835 est,
355 2785 446 2841 quarn
474 2765 525 2823 diu
554 2766 746 2843 multumque
774 2765 957 2837 consideres,
980 2785 1019 2822 nc
1048 2785 1106 2841 ego

199 2876 324 2954 quidem
352 2875 505 2952 indignus,
529 2881 575 2933 cui
600 2881 717 2953 copiam
741 2879 887 2934 scientiae
909 2884 981 2933 tuae
1004 2874 1104 2932 facias.

200 2987 289 3044 Licet
303 2989 396 3044 etiam
411 2995 570 3063 utramque
592 2991 624 3042 in
644 2995 773 3064 partem,
797 2995 832 3044 ut
851 2986 939 3057 soleS,
958 2985 1106 3066 disputeS,

201 3113 241 3229 Kl
251 3113 367 3229 llll-lull
380 3113 485 3174 Uocon,
499 3113 605 3173 Mulier,
623 3114 712 3165 incius.
728 3114 826 3179 Bipons
834 3119 893 3178 post
905 3113 966 3162 illit.
981 3113 1040 3176 Dp,
1055 3127 1105 3163 ont.

230 3218 236 3240 ,
284 3195 296 3229 e
358 3217 364 3228 .

203 3290 241 3346 74
