2438 3790
370 212 459 269 THE
490 211 673 271 LETTERS
702 212 757 269 OF
786 211 911 269 PLINY

188 393 226 430 ex
238 373 334 430 altera
345 381 448 431 tamen
458 372 575 443 fortiuS,
584 393 624 430 ne
635 393 684 430 me
694 392 873 449 suspensum
884 376 1098 450 incertumque

189 471 335 543 dimittas,
345 492 414 528 cum
422 471 497 528 mihi
507 471 685 529 consulendi
696 491 785 529 causa
795 470 898 543 suerit,
909 480 945 529 ut
955 471 1097 530 dubitare

187 569 367 627 desinerem.
411 569 494 627 Vale.

572 773 709 832 XXVIII

404 923 434 980 C.
460 923 581 979 Pnurus
602 922 740 980 Sammo
762 921 823 980 Suo
844 922 873 980 S:

227 1072 292 1140 An,
320 1071 465 1148 quosdam
497 1071 578 1148 apud
605 1079 638 1128 te
666 1070 909 1146 reprehendisse,
937 1079 1094 1149 tamquam

185 1174 297 1227 amicos
311 1189 394 1227 meos
408 1190 446 1227 ex
460 1174 543 1227 omni
557 1174 713 1228 occasione
728 1170 808 1227 ultra
822 1170 945 1227 modum
959 1169 1092 1228 laudem.

187 1268 328 1345 Agnosco
363 1274 487 1340 crimen,
522 1269 689 1346 amplector
727 1272 828 1326 etiam.
891 1268 974 1340 Quid
1009 1273 1093 1326 enirn

186 1367 343 1426 honestius
366 1368 454 1444 culpa
476 1369 695 1444 benignitatis?
737 1367 798 1438 Qui
820 1375 891 1424 sunt
912 1375 1016 1424 tamen
1030 1372 1092 1440 isti,

186 1470 238 1543 qui
272 1470 383 1524 amicos
417 1486 501 1524 meos
536 1465 604 1524 me¹
641 1465 749 1523 melius
777 1467 900 1523 norint?
956 1465 1027 1536 Sed,
1056 1474 1094 1524 ut

185 1567 297 1636 norint,
322 1564 395 1641 quid
419 1564 558 1622 invident
581 1563 656 1620 mihi
681 1562 854 1620 felicissimo
881 1565 1002 1621 errore?
1046 1563 1092 1622 Ut

185 1667 267 1720 enim
281 1682 342 1720 non
365 1667 428 1719 sint
450 1662 536 1733 tales,
559 1663 664 1739 quales
685 1683 702 1718 a
724 1682 773 1719 me
795 1662 1017 1738 praedicantur,
1032 1682 1092 1738 ego

184 1770 289 1819 tamen
308 1762 424 1831 heutua,
446 1761 528 1838 quod
553 1759 627 1817 mihi
651 1760 800 1817 videntur.
845 1759 944 1836 Igitur
963 1760 1001 1817 ad
1015 1761 1091 1818 alios

184 1859 262 1916 banc
298 1863 449 1916 sinistram
487 1859 678 1935 diligentiam
712 1857 890 1926 conferant;
926 1878 983 1916 nec
1017 1869 1091 1918 sunt

86 2017 89 2024 ,
184 1979 290 2035 parum
301 1959 400 2030 multi,
411 1963 462 2035 qui
476 1979 599 2035 carpere
610 1963 721 2016 amicos
732 1977 800 2015 suos
811 1957 956 2015 iudicium
965 1967 1090 2028 vocant3

183 2056 258 2114 milri
280 2077 445 2134 numquam
468 2057 704 2133 persuadebunt,
728 2065 763 2114 ut
784 2076 867 2114 meos
889 2061 983 2114 amari
1001 2078 1019 2114 a
1038 2078 1089 2116 me

183 2161 310 2215 nimium
325 2157 453 2232 putem.²
495 2156 578 2213 Vale.

588 2339 692 2397 XXIX

384 2488 415 2545 C.
441 2488 561 2545 Primus
583 2487 738 2545 Mourauo
761 2487 822 2546 Suo
843 2487 872 2545 S.

223 2635 354 2706 Rmrrms,
383 2635 496 2693 deinde
526 2635 742 2712 indignaberis,
772 2634 885 2692 deinde
913 2633 1037 2705 ridebis,
1061 2639 1085 2692 si
1183 2655 1184 2658 ¹

181 2734 300 2810 legeriS,
315 2733 395 2811 quod
409 2738 468 2791 nisi
481 2734 602 2811 legeris,
616 2754 678 2791 non
693 2742 780 2810 potes
794 2732 927 2790 credere.
971 2732 1028 2790 Est
1038 2738 1086 2790 via
1182 2737 1183 2754 ¹

180 2832 339 2889 Tiburtina
357 2836 437 2889 intra
456 2835 587 2909 primum
605 2832 739 2910 lapidem
761 2831 909 2912 (proxime
928 2831 1086 2911 adnotavi)
1181 2829 1182 2847 ¹

213 2936 221 2966 ¹
239 2954 280 2986 me
291 2938 353 2988 urld.
369 2937 475 3001 Biporw,
490 2939 641 3000 Mommsen,
654 2939 759 2988 Melior.

212 3001 223 3032 2
239 3003 350 3052 nimium
368 3009 459 3067 putem
479 3019 506 3064 a,
521 3003 627 3066 Bipona
648 3003 682 3064 K,
704 3005 813 3053 nimium
834 3006 923 3052 autem
943 3003 983 3063 M,
1005 3003 1085 3055 nimia

180 3084 294 3133 unquam
309 3068 367 3132 Dp,
380 3069 485 3118 Mdller.

182 3165 219 3236 76
