2362 3794
362 343 450 400 THE
478 343 662 402 LETTERS
690 345 744 402 OF
773 345 900 402 PLINY

178 519 264 556 meae
279 520 384 575 pareas
399 501 447 558 vel
462 503 602 578 precibus
616 502 785 580 indulgeas,
831 504 929 580 Igitur
943 511 976 561 et
991 505 1091 562 laudo

124 641 129 653 ·
179 613 212 662 et
239 611 351 682 gratias
378 627 453 684 ago;
475 608 565 665 simul
592 613 624 665 in
652 612 809 686 posterum
836 630 957 682 mone0,
986 619 1022 669 ut
1053 620 1091 670 te

179 715 329 771 erroribus
353 722 485 786 tuorum,
507 719 565 772 etsi
593 736 653 772 non
683 716 786 788 fuerit,
809 721 861 795 qui
888 718 1091 794 deprecetur,

178 819 357 895 placabilem
372 830 516 898 praestes.
561 824 644 880 Vale.

584 1019 671 1075 XXV

373 1150 403 1207 C.
430 1151 548 1208 Primus
571 1150 750 1208 Mamiliam
772 1151 835 1209 Suo
856 1152 886 1210 S.

217 1284 375 1355 Qurnurus
409 1284 449 1341 de
477 1286 566 1342 turba
595 1288 793 1341 castrensium
818 1287 1011 1360 negotiorum
1041 1291 1087 1356 et,

176 1398 331 1468 tamquam
359 1411 476 1448 summo
503 1396 566 1448 otio
593 1391 757 1467 perfruare,
779 1391 862 1448 lusus
890 1399 923 1449 et
950 1394 1085 1468 ineptias

177 1506 294 1555 nostras
305 1498 391 1573 legiS,
400 1518 489 1568 amaS,
501 1498 618 1575 flagitas
628 1518 739 1575 meque
751 1498 789 1556 ad
800 1499 909 1555 similia
920 1499 1085 1558 condenda
1107 1475 1117 1490 ’

176 1627 238 1663 non
253 1607 446 1664 mediocriter
461 1609 576 1664 incitas.
612 1607 728 1682 incipio
744 1609 825 1664 enim
840 1626 877 1663 ex
893 1607 950 1663 hoc
966 1626 1083 1683 genere

176 1713 345 1770 studiorum
373 1733 434 1769 non
463 1713 559 1770 solum
588 1712 835 1786 oblectationem,
861 1718 1081 1772 verumetiam

177 1819 303 1896 gloriam
325 1827 432 1896 petere
452 1827 521 1895 post
543 1818 688 1876 iudicium
712 1827 809 1890 tuum,
831 1824 885 1877 viri
905 1824 1084 1896 gravissimi,

177 1927 371 1984 eruditissimi
385 1947 419 1983 ac
434 1946 525 2002 super
539 1931 597 1984 ista
611 1929 766 1984 verissimi.
811 1927 900 1983 Nunc
914 1946 964 1983 me
979 1945 1081 1985 rerum

175 2043 260 2091 actus
294 2034 423 2104 modice,
459 2033 512 2091 sed
544 2041 647 2091 tamen
683 2033 864 2110 distringit3
898 2053 958 2110 quo
993 2034 1082 2091 finito

155 2140 289 2218 'aliquid
321 2140 487 2197 earundem
515 2141 714 2197 Camenarum
743 2144 775 2196 in
802 2144 894 2196 istum
929 2140 1082 2215 benignis·
1109 2135 1115 2146 ’

175 2252 283 2305 simum
298 2251 397 2304 sinum
411 2251 539 2304 mittam.
582 2246 629 2304 Tu
644 2246 821 2323 passerculis
842 2253 875 2304 et
900 2246 1080 2305 columbulis

176 2357 286 2411 nostris
300 2357 381 2410 inter
394 2353 509 2431 aquilas
521 2362 636 2412 vestras
650 2353 736 2411 dabis
750 2372 875 2430 pennae,
888 2357 912 2409 si
927 2360 1031 2410 tamen
1047 2361 1081 2411 et

176 2462 232 2518 sibi
255 2468 288 2518 et
309 2460 562 2536 tibi-placebunt,
586 2464 610 2517 si
634 2468 756 2518 tantum
785 2460 851 2529 sibi,
874 2458 1077 2518 continendos

175 2587 266 2625 cavea
279 2567 390 2626 nidove
404 2568 529 2624 curabis.
574 2567 656 2624 Vale.

572 2789 675 2845 XXVI

388 2920 419 2977 C.
445 2921 564 2977 Puruus
585 2921 726 2977 Luernco
747 2919 809 2978 Suo
831 2919 860 2976 S.

216 3051 288 3108 Dnu
310 3052 348 3110 de
364 3052 494 3129 quodam
509 3059 626 3110 oratore
642 3052 735 3110 seculi
750 3056 845 3112 nostri
856 3062 940 3137 recto
955 3053 1080 3131 quidem

175 3175 209 3224 et
223 3186 305 3238 sano,
319 3166 372 3224 sed
388 3188 493 3243 parurn
508 3167 616 3242 grandi
632 3176 664 3226 et
677 3175 794 3250 ornato,
808 3176 844 3226 ut
857 3173 973 3245 opinor,
988 3178 1079 3247 apte:

177 3301 234 3357 230
