2354 3802
298 291 387 350 THE
417 287 600 348 LETTERS
628 286 683 349 OF
713 287 839 346 PLlNY

116 462 178 511 tam
189 456 323 510 omisisse
333 459 500 508 narrantur.
526 451 692 506 Narrantur
700 449 785 506 dico?
805 448 893 504 adest
904 449 1024 522 provin-

116 591 180 642 ciae
202 585 331 659 legatus
352 584 457 641 attulit
480 575 637 641 decretum
655 581 773 638 concilii
794 580 833 636 ad
855 580 1024 648 Caesarem,

115 717 221 776 attulit
235 717 272 774 ad
288 717 399 773 multos
414 721 565 792 principes
580 720 667 784 viros
682 713 786 772 attulit
800 717 893 770 etiam
910 713 949 768 ad
968 730 1024 768 nos

116 849 227 906 Vareni
242 849 410 906 advocatos
457 847 576 906 Perstat
590 855 695 904 tamen
710 847 792 903 idem
807 845 858 901 ille
871 845 1023 920 Magnus:

115 987 189 1060 quin
204 987 296 1040 ctiam
312 982 484 1057 Nigrinum,
499 984 647 1056 optimum
663 983 769 1048 virum,
784 981 1023 1054 pertinacissime

116 1123 246 1173 exercet.
293 1114 350 1170 Per
364 1113 445 1171 hunc
463 1133 481 1169 a
495 1111 667 1170 consulibus
682 1110 865 1187 postulabat,
880 1117 914 1167 ut
929 1109 1023 1165 Vare-

115 1267 172 1305 nus
187 1246 331 1304 exhibere
345 1249 478 1303 rationes
492 1251 660 1320 cogeretur.

156 1378 349 1435 Adsistebam
358 1376 478 1434 Vareno
492 1380 552 1432 iam
565 1381 687 1432 tantum
701 1382 736 1432 ut
750 1377 862 1432 amicus
878 1382 910 1432 et
921 1383 1022 1433 tacere

114 1499 316 1557 decreveram.
361 1500 445 1556 Nihil
470 1504 552 1557 enim
577 1508 640 1557 tam
665 1504 859 1572 contrarium,
883 1520 973 1578 quarn
997 1505 1021 1557 si

113 1624 276 1682 advocatus
299 1646 317 1680 a
339 1633 446 1682 senatu
470 1625 559 1683 datus
582 1625 782 1683 defenderem
806 1633 840 1683 ut
864 1644 959 1696 reum,
974 1629 1022 1682 cui

114 1768 189 1824 opus
217 1756 307 1819 esset,
336 1768 375 1805 ne
400 1769 469 1806 reus
498 1749 660 1806 videretur.
704 1749 780 1806 Cum
808 1757 912 1806 tamen
937 1747 1022 1804 finita

113 1872 317 1947 postulatione
335 1873 455 1949 Nigrini
464 1873 602 1931 consules
616 1873 654 1930 ad
663 1893 713 1930 me
725 1873 826 1931 oculos
835 1872 1021 1942 retulissent,

113 1995 259 2067 ‘scietis’
295 2001 428 2073 inquam,
465 2003 620 2054 ‘constare
656 1997 742 2053 nobis
777 1996 891 2054 silentii
925 1999 1021 2053 nostri

113 2122 272 2190 rationem,
300 2140 369 2176 cum
397 2140 482 2178 veros
510 2121 627 2197 legatos
650 2125 821 2196 provinciae
844 2120 1019 2178 audieritis'

114 2243 225 2300 Contra
240 2244 402 2320 Nigrinus:
424 2245 490 2302 ‘Ad
506 2266 596 2322 quem
611 2250 693 2303 missi
707 2253 778 2303 sunt
789 2245 818 2303 ?'
852 2245 935 2321 Ego:
952 2244 1020 2301 ‘Ad

113 2386 162 2423 me
174 2388 293 2444 quoque
307 2388 314 2436 ;
335 2368 433 2426 habeo
447 2369 605 2427 decretum
615 2369 804 2446 provinciae’
830 2370 941 2428 Rursus
949 2370 1020 2428 ille:

112 2490 238 2549 ‘Potest
264 2492 321 2549 tibi
349 2492 483 2569 liquere.'
541 2493 589 2550 Ad
618 2492 675 2550 hoc
704 2513 781 2571 ego:
817 2494 872 2551 ‘Si
897 2496 953 2552 tibi
982 2515 1019 2552 ex

112 2613 231 2672 diverso
261 2613 368 2692 liquet,
394 2622 496 2704 potest
530 2624 562 2673 et
593 2617 678 2687 mihi,
712 2616 794 2694 quod
824 2625 871 2674 est
900 2593 1019 2688 melius,

112 2737 270 2814 liquere.'1
326 2739 404 2797 Turn
432 2739 550 2815 legatus
574 2723 742 2817 Polyaenus
763 2761 866 2799 causas
887 2742 1018 2800 abolitae

112 2865 309 2918 accusationis
344 2866 482 2938 exposuit
517 2863 750 2940 postulavitque,
778 2884 818 2922 ne
853 2868 1021 2940 cognitioni

146 2999 154 3030 ¹
171 3000 242 3064 quod
260 3007 300 3050 est
320 3001 414 3050 melius
432 3001 533 3065 liquere
553 3001 660 3064 Bipona,
683 3004 710 3052 K·
726 3007 768 3065 (aa
779 3005 813 3054 Μ
817 3008 853 3068 α),
871 3022 896 3070 q.
916 3023 939 3056 a.
956 3006 1014 3055 mel.

113 3081 191 3115 causa
213 3066 327 3130 liqueret
351 3067 493 3130 (loquetur)
516 3067 620 3131 legatus
644 3069 722 3132 Dpr,
741 3085 767 3134 q.
792 3086 814 3119 e.
841 3071 900 3120 mel.
924 3071 1018 3127 †oausa

113 3129 214 3194 liquere
226 3132 332 3191 Mriller,
348 3135 381 3194 (q.
398 3147 420 3180 e.
433 3132 484 3180 mei
497 3133 571 3192 iuris)
585 3150 663 3183 causa
675 3135 775 3199 liquere
790 3135 902 3185 Kokala.

118 3243 152 3296 Ι4
