2362 3794
351 385 440 444 THE
469 385 652 447 LETTERS
681 387 735 446 OF
767 386 891 445 PLINY

607 627 636 684 X

400 784 431 841 C.
457 784 577 841 anrus
598 784 711 841 Tacrro
734 784 795 843 Suo
817 784 845 842 S.

211 941 304 998 Curio
325 947 495 1018 praeceptis
516 946 577 1000 tuis
598 961 724 1018 parere3
752 941 806 999 sed
827 961 966 1018 aprorum
987 949 1077 1000 tanta

170 1069 297 1141 penuria
322 1073 378 1136 est,
401 1072 437 1121 ut
459 1066 615 1123 Minervae
637 1075 669 1124 et
694 1065 821 1137 Dianae,
838 1086 912 1142 quas
932 1069 974 1122 ais
997 1071 1076 1142 pari-

170 1195 218 1244 ter
237 1187 389 1258 colendas
411 1191 572 1244 convenire
594 1206 656 1243 non
680 1192 782 1264 possit.
827 1187 934 1264 Itaque
961 1187 1077 1244 Miner-

171 1331 225 1368 vae
250 1320 369 1370 tantum
393 1311 586 1368 serviendum
611 1319 668 1380 est,
692 1309 823 1368 delicate
848 1317 952 1383 tamen
980 1318 1016 1367 ut
1044 1313 1077 1366 in

172 1455 290 1492 secessu
314 1444 346 1493 et
369 1443 494 1493 aestate.
539 1434 576 1491 In
601 1439 648 1491 via
670 1435 760 1511 plane
783 1454 844 1490 non
866 1433 950 1490 nulla
963 1432 1077 1515 leviora

171 1558 336 1630 statimque
364 1554 495 1611 delenda
521 1574 556 1610 ea
578 1553 766 1630 garrulitate,
788 1571 847 1629 qua
868 1545 1022 1608 sermones
1044 1555 1077 1607 in

170 1677 310 1737 vehiculo
325 1685 475 1748 seruntur,
490 1679 625 1736 extendi.
671 1679 728 1734 His
749 1676 897 1752 quaedam
919 1675 1022 1732 addidi
1044 1680 1076 1732 in

172 1802 251 1873 villa,
267 1823 336 1859 cum
349 1792 431 1859 aliud
453 1823 515 1859 non
536 1803 653 1862 liberet.
698 1802 805 1880 ltaque
828 1808 969 1878 poemata
991 1805 1078 1878 quie-

172 1935 271 1996 scunt,
286 1947 363 2003 quae
377 1935 412 1984 tu
429 1930 510 1984 inter
531 1946 655 1984 nemora
677 1935 709 1983 et
730 1925 813 1982 lucos
835 1924 1078 1981 commodissime
1162 1931 1163 1986 i

172 2051 273 2127 perfici
284 2059 380 2126 putas
411 2051 640 2108 Oratiunculam
651 2071 752 2120 unam,
761 2050 887 2107 alteram
897 2051 1079 2116 retractavi3
1162 2071 1163 2096 i

172 2195 353 2252 quamquam
376 2175 406 2231 id
435 2196 531 2252 genus
559 2179 658 2251 operis
685 2173 856 2244 inamabile,
881 2176 1079 2229 inamoenum
1162 2191 1163 2254 ἐ

142 2310 145 2316 ·
171 2298 328 2370 magisque
350 2293 501 2350 laboribus
523 2298 598 2349 ruris
621 2313 711 2368 quam
734 2291 940 2367 voluptatibus
969 2290 1078 2347 simile..

173 2416 255 2474 Vale.

605 2681 649 2738 XI

396 2827 427 2883 C.
452 2825 573 2883 Parmos
595 2825 718 2882 Gauruo
740 2823 801 2881 Suo
823 2823 852 2881 S.

214 2974 384 3030 Errsrumu
400 2980 484 3029 tuam
500 2971 745 3029 iucundissimam
759 2974 873 3046 accepi,
885 2989 921 3026 eo
935 2973 1081 3039 maxime,

173 3093 254 3171 quod
278 3093 392 3169 aliquid
417 3093 455 3149 ad
478 3101 511 3150 te
532 3094 620 3149 scribi
642 3092 773 3161 volebas,
787 3090 868 3167 quod
889 3090 972 3146 libris
987 3093 1082 3146 inseri

173 3222 283 3289 posset.
328 3214 482 3270 Obveniet
496 3215 631 3282 materia,
646 3211 694 3268 vel
709 3210 784 3266 haec
798 3214 863 3286 ipsa
884 3229 974 3285 quam
997 3229 1083 3266 mon-

179 3341 231 3395 19²
