<?xml version="1.0" encoding="UTF-8"?>
<!DOCTYPE html PUBLIC "-//W3C//DTD XHTML 1.0 Transitional//EN"
    "http://www.w3.org/TR/xhtml1/DTD/xhtml1-transitional.dtd">
<html xmlns="http://www.w3.org/1999/xhtml" xml:lang="en" lang="en">
 <head>
  <title>
</title>
<meta http-equiv="Content-Type" content="text/html;charset=utf-8" />
  <meta name='ocr-system' content='tesseract 3.04.00' />
  <meta name='ocr-capabilities' content='ocr_page ocr_carea ocr_par ocr_line ocrx_word'/>
</head>
<body>
  <div class='ocr_page' id='page_1' title='image "./letters00hutcgoog/letters00hutcgoog_0139.png"; bbox 0 0 2438 3790; ppageno 0'>
   <div class='ocr_carea' id='block_1_1' title="bbox 415 379 953 443">
    <p class='ocr_par' dir='ltr' id='par_1_1' title="bbox 415 379 953 443">
     <span class='ocr_line' id='line_1_1' title="bbox 415 379 953 443; baseline -0.007 -1"><span class='ocrx_word' id='word_1_1' title='bbox 415 381 503 442; x_wconf 90' lang='lat' dir='ltr'><strong>THE</strong></span> <span class='ocrx_word' id='word_1_2' title='bbox 532 381 715 443; x_wconf 86' lang='lat' dir='ltr'>LETTERS</span> <span class='ocrx_word' id='word_1_3' title='bbox 744 381 800 443; x_wconf 87' lang='lat' dir='ltr'><strong>OF</strong></span> <span class='ocrx_word' id='word_1_4' title='bbox 828 379 953 440; x_wconf 88' lang='lat' dir='ltr'>PLINY</span> 
     </span>
    </p>
   </div>
   <div class='ocr_carea' id='block_1_2' title="bbox 232 541 1141 1487">
    <p class='ocr_par' dir='ltr' id='par_1_2' title="bbox 232 541 1141 1116">
     <span class='ocr_line' id='line_1_2' title="bbox 232 541 1141 621; baseline -0.007 -20"><span class='ocrx_word' id='word_1_5' title='bbox 232 565 328 602; x_wconf 89' lang='lat' dir='ltr'><strong>annos</strong></span> <span class='ocrx_word' id='word_1_6' title='bbox 342 545 471 602; x_wconf 92' lang='lat' dir='ltr'><strong>vidimus</strong></span> <span class='ocrx_word' id='word_1_7' title='bbox 485 543 688 621; x_wconf 79' lang='lat' dir='ltr'><strong>tulimusque:</strong></span> <span class='ocrx_word' id='word_1_8' title='bbox 710 545 819 621; x_wconf 91' lang='lat' dir='ltr'><strong>quibus</strong></span> <span class='ocrx_word' id='word_1_9' title='bbox 838 546 962 618; x_wconf 86' lang='lat' dir='ltr'><strong>ingenia</strong></span> <span class='ocrx_word' id='word_1_10' title='bbox 982 548 1085 598; x_wconf 90' lang='lat' dir='ltr'><strong>nostra</strong></span> <span class='ocrx_word' id='word_1_11' title='bbox 1108 541 1141 596; x_wconf 89' lang='lat' dir='ltr'><strong>in</strong></span> 
     </span>
     <span class='ocr_line' id='line_1_3' title="bbox 233 666 1138 744; baseline -0.003 -20"><span class='ocrx_word' id='word_1_12' title='bbox 233 675 388 743; x_wconf 89' lang='lat' dir='ltr'><strong>posterum</strong></span> <span class='ocrx_word' id='word_1_13' title='bbox 436 687 556 744; x_wconf 93' lang='lat' dir='ltr'><strong>quoque</strong></span> <span class='ocrx_word' id='word_1_14' title='bbox 585 667 740 738; x_wconf 87' lang='lat' dir='ltr'><strong>hebetata,</strong></span> <span class='ocrx_word' id='word_1_15' title='bbox 771 666 877 736; x_wconf 87' lang='lat' dir='ltr'><strong>fracta,</strong></span> <span class='ocrx_word' id='word_1_16' title='bbox 902 673 1029 722; x_wconf 85' lang='lat' dir='ltr'><strong>contusa</strong></span> <span class='ocrx_word' id='word_1_17' title='bbox 1054 673 1138 722; x_wconf 90' lang='lat' dir='ltr'><strong>sunt.</strong></span> 
     </span>
     <span class='ocr_line' id='line_1_4' title="bbox 234 791 1141 867; baseline -0.001 -20"><span class='ocrx_word' id='word_1_18' title='bbox 234 791 330 849; x_wconf 85' lang='lat' dir='ltr'><strong>Breve</strong></span> <span class='ocrx_word' id='word_1_19' title='bbox 354 800 483 867; x_wconf 86' lang='lat' dir='ltr'><strong>tempus</strong></span> <span class='ocrx_word' id='word_1_20' title='bbox 517 793 599 867; x_wconf 89' lang='lat' dir='ltr'><strong>(nam</strong></span> <span class='ocrx_word' id='word_1_21' title='bbox 624 799 712 849; x_wconf 89' lang='lat' dir='ltr'><strong>tanto</strong></span> <span class='ocrx_word' id='word_1_22' title='bbox 744 792 864 849; x_wconf 89' lang='lat' dir='ltr'><strong>brevius</strong></span> <span class='ocrx_word' id='word_1_23' title='bbox 901 810 991 847; x_wconf 92' lang='lat' dir='ltr'><strong>omne</strong></span> <span class='ocrx_word' id='word_1_24' title='bbox 1024 797 1141 866; x_wconf 90' lang='lat' dir='ltr'><strong>quanto</strong></span> 
     </span>
     <span class='ocr_line' id='line_1_5' title="bbox 233 913 1141 992; baseline -0.001 -22"><span class='ocrx_word' id='word_1_25' title='bbox 233 914 351 972; x_wconf 89' lang='lat' dir='ltr'><strong>felicius</strong></span> <span class='ocrx_word' id='word_1_26' title='bbox 375 915 521 990; x_wconf 85' lang='lat' dir='ltr'><strong>tempus),</strong></span> <span class='ocrx_word' id='word_1_27' title='bbox 545 935 605 992; x_wconf 94' lang='lat' dir='ltr'><strong>quo</strong></span> <span class='ocrx_word' id='word_1_28' title='bbox 632 914 709 972; x_wconf 88' lang='lat' dir='ltr'><strong>libet</strong></span> <span class='ocrx_word' id='word_1_29' title='bbox 732 919 817 986; x_wconf 89' lang='lat' dir='ltr'><strong>seire,</strong></span> <span class='ocrx_word' id='word_1_30' title='bbox 840 914 914 992; x_wconf 94' lang='lat' dir='ltr'><strong>quid</strong></span> <span class='ocrx_word' id='word_1_31' title='bbox 936 917 1038 984; x_wconf 90' lang='lat' dir='ltr'><strong>simus,</strong></span> <span class='ocrx_word' id='word_1_32' title='bbox 1061 913 1141 969; x_wconf 91' lang='lat' dir='ltr'><strong>libet</strong></span> 
     </span>
     <span class='ocr_line' id='line_1_6' title="bbox 235 1038 630 1116; baseline 0 -20"><span class='ocrx_word' id='word_1_33' title='bbox 235 1058 387 1109; x_wconf 83' lang='lat' dir='ltr'><strong>exercere,</strong></span> <span class='ocrx_word' id='word_1_34' title='bbox 402 1039 483 1116; x_wconf 94' lang='lat' dir='ltr'><strong>quod</strong></span> <span class='ocrx_word' id='word_1_35' title='bbox 499 1038 630 1097; x_wconf 84' lang='lat' dir='ltr'><strong>scimus.1</strong></span> 
     </span>
    </p>

    <p class='ocr_par' dir='ltr' id='par_1_3' title="bbox 234 1161 1140 1487">
     <span class='ocr_line' id='line_1_7' title="bbox 274 1161 1140 1239; baseline 0 -21"><span class='ocrx_word' id='word_1_36' title='bbox 274 1161 344 1233; x_wconf 85' lang='lat' dir='ltr'><strong>Quo</strong></span> <span class='ocrx_word' id='word_1_37' title='bbox 367 1166 473 1219; x_wconf 91' lang='lat' dir='ltr'><strong>iustius</strong></span> <span class='ocrx_word' id='word_1_38' title='bbox 496 1170 578 1238; x_wconf 90' lang='lat' dir='ltr'><strong>pet0,</strong></span> <span class='ocrx_word' id='word_1_39' title='bbox 603 1166 734 1238; x_wconf 90' lang='lat' dir='ltr'><strong>primum</strong></span> <span class='ocrx_word' id='word_1_40' title='bbox 759 1170 794 1219; x_wconf 93' lang='lat' dir='ltr'><strong>ut</strong></span> <span class='ocrx_word' id='word_1_41' title='bbox 822 1165 925 1232; x_wconf 89' lang='lat' dir='ltr'><strong>errori,</strong></span> <span class='ocrx_word' id='word_1_42' title='bbox 950 1165 974 1218; x_wconf 93' lang='lat' dir='ltr'><strong>si</strong></span> <span class='ocrx_word' id='word_1_43' title='bbox 998 1164 1065 1239; x_wconf 87' lang='lat' dir='ltr'><strong>quis</strong></span> <span class='ocrx_word' id='word_1_44' title='bbox 1090 1169 1140 1218; x_wconf 85' lang='lat' dir='ltr'><strong>est</strong></span> 
     </span>
     <span class='ocr_line' id='line_1_8' title="bbox 234 1285 1139 1356; baseline 0 -15"><span class='ocrx_word' id='word_1_45' title='bbox 234 1304 326 1356; x_wconf 92' lang='lat' dir='ltr'><strong>error,</strong></span> <span class='ocrx_word' id='word_1_46' title='bbox 348 1286 462 1342; x_wconf 79' lang='lat' dir='ltr'><strong>tribuas</strong></span> <span class='ocrx_word' id='word_1_47' title='bbox 482 1289 610 1356; x_wconf 90' lang='lat' dir='ltr'><strong>veniam,</strong></span> <span class='ocrx_word' id='word_1_48' title='bbox 626 1285 738 1342; x_wconf 91' lang='lat' dir='ltr'><strong>deinde</strong></span> <span class='ocrx_word' id='word_1_49' title='bbox 759 1285 908 1343; x_wconf 84' lang='lat' dir='ltr'><strong>medearis</strong></span> <span class='ocrx_word' id='word_1_50' title='bbox 929 1289 1055 1344; x_wconf 86' lang='lat' dir='ltr'><strong>scientia</strong></span> <span class='ocrx_word' id='word_1_51' title='bbox 1075 1293 1139 1356; x_wconf 89' lang='lat' dir='ltr'><strong>tua,</strong></span> 
     </span>
     <span class='ocr_line' id='line_1_9' title="bbox 234 1408 1139 1487; baseline 0.003 -23"><span class='ocrx_word' id='word_1_52' title='bbox 234 1413 282 1465; x_wconf 87' lang='lat' dir='ltr'><strong>eui</strong></span> <span class='ocrx_word' id='word_1_53' title='bbox 297 1428 417 1484; x_wconf 84' lang='lat' dir='ltr'><strong>semper</strong></span> <span class='ocrx_word' id='word_1_54' title='bbox 430 1408 489 1466; x_wconf 91' lang='lat' dir='ltr'><strong>fuit</strong></span> <span class='ocrx_word' id='word_1_55' title='bbox 504 1429 592 1466; x_wconf 88' lang='lat' dir='ltr'><strong>curae</strong></span> <span class='ocrx_word' id='word_1_56' title='bbox 612 1414 654 1467; x_wconf 87' lang='lat' dir='ltr'><strong>sie</strong></span> <span class='ocrx_word' id='word_1_57' title='bbox 673 1414 738 1468; x_wconf 89' lang='lat' dir='ltr'><strong>iura</strong></span> <span class='ocrx_word' id='word_1_58' title='bbox 758 1410 879 1487; x_wconf 87' lang='lat' dir='ltr'><strong>publica</strong></span> <span class='ocrx_word' id='word_1_59' title='bbox 900 1419 935 1468; x_wconf 93' lang='lat' dir='ltr'><strong>ut</strong></span> <span class='ocrx_word' id='word_1_60' title='bbox 955 1415 1080 1487; x_wconf 88' lang='lat' dir='ltr'><strong>privata,</strong></span> <span class='ocrx_word' id='word_1_61' title='bbox 1095 1415 1139 1468; x_wconf 86' lang='lat' dir='ltr'><strong>sic</strong></span> 
     </span>
    </p>
   </div>
   <div class='ocr_carea' id='block_1_3' title="bbox 233 1533 1138 1609">
    <p class='ocr_par' dir='ltr' id='par_1_4' title="bbox 233 1533 1138 1609">
     <span class='ocr_line' id='line_1_10' title="bbox 233 1533 1138 1609; baseline 0.001 -21"><span class='ocrx_word' id='word_1_62' title='bbox 233 1537 358 1609; x_wconf 89' lang='lat' dir='ltr'><strong>antiqua</strong></span> <span class='ocrx_word' id='word_1_63' title='bbox 386 1540 421 1589; x_wconf 93' lang='lat' dir='ltr'><strong>ut</strong></span> <span class='ocrx_word' id='word_1_64' title='bbox 448 1536 592 1602; x_wconf 84' lang='lat' dir='ltr'><strong>recentia,</strong></span> <span class='ocrx_word' id='word_1_65' title='bbox 621 1537 662 1590; x_wconf 85' lang='lat' dir='ltr'><strong>sic</strong></span> <span class='ocrx_word' id='word_1_66' title='bbox 690 1553 756 1590; x_wconf 86' lang='lat' dir='ltr'><strong>rara</strong></span> <span class='ocrx_word' id='word_1_67' title='bbox 783 1542 818 1590; x_wconf 90' lang='lat' dir='ltr'><strong>ut</strong></span> <span class='ocrx_word' id='word_1_68' title='bbox 845 1533 971 1590; x_wconf 86' lang='lat' dir='ltr'><strong>adsidua</strong></span> <span class='ocrx_word' id='word_1_69' title='bbox 997 1541 1138 1590; x_wconf 87' lang='lat' dir='ltr'><strong>tractare.</strong></span> 
     </span>
    </p>
   </div>
   <div class='ocr_carea' id='block_1_4' title="bbox 235 1630 1140 1733">
    <p class='ocr_par' dir='ltr' id='par_1_5' title="bbox 235 1630 1140 1733">
     <span class='ocr_line' id='line_1_11' title="bbox 235 1630 1140 1733; baseline 0 -21"><span class='ocrx_word' id='word_1_70' title='bbox 235 1655 338 1732; x_wconf 86' lang='lat' dir='ltr'><strong>Atque</strong></span> <span class='ocrx_word' id='word_1_71' title='bbox 363 1674 421 1731; x_wconf 84' lang='lat' dir='ltr'><strong>ego</strong></span> <span class='ocrx_word' id='word_1_72' title='bbox 445 1630 573 1713; x_wconf 85' lang='lat' dir='ltr'><strong>arbitror</strong></span> <span class='ocrx_word' id='word_1_73' title='bbox 597 1655 655 1712; x_wconf 88' lang='lat' dir='ltr'><strong>illis</strong></span> <span class='ocrx_word' id='word_1_74' title='bbox 680 1660 782 1726; x_wconf 89' lang='lat' dir='ltr'><strong>etiam,</strong></span> <span class='ocrx_word' id='word_1_75' title='bbox 807 1657 915 1733; x_wconf 89' lang='lat' dir='ltr'><strong>quibus</strong></span> <span class='ocrx_word' id='word_1_76' title='bbox 943 1655 1140 1732; x_wconf 89' lang='lat' dir='ltr'><strong>plurimarum</strong></span> 
     </span>
    </p>
   </div>
   <div class='ocr_carea' id='block_1_5' title="bbox 234 1777 1141 3175">
    <p class='ocr_par' dir='ltr' id='par_1_6' title="bbox 234 1777 1140 2440">
     <span class='ocr_line' id='line_1_12' title="bbox 234 1777 1139 1856; baseline 0.001 -22"><span class='ocrx_word' id='word_1_77' title='bbox 234 1798 336 1835; x_wconf 90' lang='lat' dir='ltr'><strong>rerum</strong></span> <span class='ocrx_word' id='word_1_78' title='bbox 350 1781 476 1855; x_wconf 85' lang='lat' dir='ltr'><strong>agitatio</strong></span> <span class='ocrx_word' id='word_1_79' title='bbox 487 1777 630 1854; x_wconf 87' lang='lat' dir='ltr'><strong>frequens</strong></span> <span class='ocrx_word' id='word_1_80' title='bbox 640 1778 715 1836; x_wconf 91' lang='lat' dir='ltr'><strong>nihil</strong></span> <span class='ocrx_word' id='word_1_81' title='bbox 728 1799 793 1836; x_wconf 90' lang='lat' dir='ltr'><strong>esse</strong></span> <span class='ocrx_word' id='word_1_82' title='bbox 803 1783 942 1856; x_wconf 85' lang='lat' dir='ltr'><strong>ignotum</strong></span> <span class='ocrx_word' id='word_1_83' title='bbox 956 1780 1139 1855; x_wconf 87' lang='lat' dir='ltr'><strong>patiebatur,</strong></span> 
     </span>
     <span class='ocr_line' id='line_1_13' title="bbox 234 1898 1140 1977; baseline -0.001 -20"><span class='ocrx_word' id='word_1_84' title='bbox 234 1919 331 1977; x_wconf 89' lang='lat' dir='ltr'><strong>genus</strong></span> <span class='ocrx_word' id='word_1_85' title='bbox 345 1903 539 1976; x_wconf 86' lang='lat' dir='ltr'><strong>quaestionis,</strong></span> <span class='ocrx_word' id='word_1_86' title='bbox 559 1899 640 1976; x_wconf 94' lang='lat' dir='ltr'><strong>quod</strong></span> <span class='ocrx_word' id='word_1_87' title='bbox 662 1898 766 1956; x_wconf 89' lang='lat' dir='ltr'><strong>adfero</strong></span> <span class='ocrx_word' id='word_1_88' title='bbox 787 1900 825 1957; x_wconf 86' lang='lat' dir='ltr'><strong>ad</strong></span> <span class='ocrx_word' id='word_1_89' title='bbox 844 1908 888 1971; x_wconf 91' lang='lat' dir='ltr'><strong>te,</strong></span> <span class='ocrx_word' id='word_1_90' title='bbox 909 1907 962 1958; x_wconf 90' lang='lat' dir='ltr'><strong>aut</strong></span> <span class='ocrx_word' id='word_1_91' title='bbox 984 1919 1045 1955; x_wconf 91' lang='lat' dir='ltr'><strong>non</strong></span> <span class='ocrx_word' id='word_1_92' title='bbox 1067 1903 1140 1956; x_wconf 87' lang='lat' dir='ltr'><strong>satis</strong></span> 
     </span>
     <span class='ocr_line' id='line_1_14' title="bbox 234 2011 1140 2096; baseline -0.003 -19"><span class='ocrx_word' id='word_1_93' title='bbox 234 2011 341 2077; x_wconf 79' lang='lat' dir='ltr'><strong>tritum</strong></span> <span class='ocrx_word' id='word_1_94' title='bbox 362 2027 416 2076; x_wconf 90' lang='lat' dir='ltr'><strong>aut</strong></span> <span class='ocrx_word' id='word_1_95' title='bbox 444 2023 536 2076; x_wconf 89' lang='lat' dir='ltr'><strong>etiam</strong></span> <span class='ocrx_word' id='word_1_96' title='bbox 560 2023 754 2096; x_wconf 86' lang='lat' dir='ltr'><strong>inexpertum</strong></span> <span class='ocrx_word' id='word_1_97' title='bbox 779 2018 878 2077; x_wconf 90' lang='lat' dir='ltr'><strong>fuisse.</strong></span> <span class='ocrx_word' id='word_1_98' title='bbox 934 2019 1004 2075; x_wconf 87' lang='lat' dir='ltr'><strong>Hoc</strong></span> <span class='ocrx_word' id='word_1_99' title='bbox 1028 2025 1060 2075; x_wconf 93' lang='lat' dir='ltr'><strong>et</strong></span> <span class='ocrx_word' id='word_1_100' title='bbox 1081 2037 1140 2094; x_wconf 89' lang='lat' dir='ltr'><strong>ego</strong></span> 
     </span>
     <span class='ocr_line' id='line_1_15' title="bbox 235 2141 1139 2220; baseline -0.001 -21"><span class='ocrx_word' id='word_1_101' title='bbox 235 2145 414 2212; x_wconf 86' lang='lat' dir='ltr'><strong>excusatior,</strong></span> <span class='ocrx_word' id='word_1_102' title='bbox 429 2145 454 2198; x_wconf 93' lang='lat' dir='ltr'><strong>si</strong></span> <span class='ocrx_word' id='word_1_103' title='bbox 468 2141 548 2199; x_wconf 89' lang='lat' dir='ltr'><strong>forte</strong></span> <span class='ocrx_word' id='word_1_104' title='bbox 569 2162 636 2199; x_wconf 93' lang='lat' dir='ltr'><strong>sum</strong></span> <span class='ocrx_word' id='word_1_105' title='bbox 656 2142 767 2218; x_wconf 89' lang='lat' dir='ltr'><strong>lapsus,</strong></span> <span class='ocrx_word' id='word_1_106' title='bbox 789 2151 821 2201; x_wconf 91' lang='lat' dir='ltr'><strong>et</strong></span> <span class='ocrx_word' id='word_1_107' title='bbox 841 2151 876 2201; x_wconf 93' lang='lat' dir='ltr'><strong>tu</strong></span> <span class='ocrx_word' id='word_1_108' title='bbox 897 2144 1019 2220; x_wconf 86' lang='lat' dir='ltr'><strong>dignior</strong></span> <span class='ocrx_word' id='word_1_109' title='bbox 1039 2141 1139 2213; x_wconf 88' lang='lat' dir='ltr'><strong>laude,</strong></span> 
     </span>
     <span class='ocr_line' id='line_1_16' title="bbox 236 2257 1140 2339; baseline -0.003 -20"><span class='ocrx_word' id='word_1_110' title='bbox 236 2266 259 2320; x_wconf 91' lang='lat' dir='ltr'><strong>si</strong></span> <span class='ocrx_word' id='word_1_111' title='bbox 281 2269 368 2338; x_wconf 88' lang='lat' dir='ltr'><strong>potes</strong></span> <span class='ocrx_word' id='word_1_112' title='bbox 391 2261 423 2318; x_wconf 96' lang='lat' dir='ltr'><strong>id</strong></span> <span class='ocrx_word' id='word_1_113' title='bbox 444 2281 564 2339; x_wconf 91' lang='lat' dir='ltr'><strong>quoque</strong></span> <span class='ocrx_word' id='word_1_114' title='bbox 586 2261 706 2332; x_wconf 88' lang='lat' dir='ltr'><strong>dooere,</strong></span> <span class='ocrx_word' id='word_1_115' title='bbox 730 2262 811 2338; x_wconf 94' lang='lat' dir='ltr'><strong>quod</strong></span> <span class='ocrx_word' id='word_1_116' title='bbox 832 2266 864 2318; x_wconf 93' lang='lat' dir='ltr'><strong>in</strong></span> <span class='ocrx_word' id='word_1_117' title='bbox 887 2263 1014 2319; x_wconf 86' lang='lat' dir='ltr'><strong>obscuro</strong></span> <span class='ocrx_word' id='word_1_118' title='bbox 1029 2269 1085 2330; x_wconf 89' lang='lat' dir='ltr'><strong>est,</strong></span> <span class='ocrx_word' id='word_1_119' title='bbox 1099 2257 1140 2317; x_wconf 87' lang='lat' dir='ltr'><strong>an</strong></span> 
     </span>
     <span class='ocr_line' id='line_1_17' title="bbox 235 2381 385 2440; baseline -0.013 -1"><span class='ocrx_word' id='word_1_120' title='bbox 235 2381 385 2440; x_wconf 87' lang='lat' dir='ltr'><strong>didiceris.</strong></span> 
     </span>
    </p>

    <p class='ocr_par' dir='ltr' id='par_1_7' title="bbox 235 2498 1141 3175">
     <span class='ocr_line' id='line_1_18' title="bbox 278 2498 1141 2558; baseline 0 -1"><span class='ocrx_word' id='word_1_121' title='bbox 278 2499 478 2558; x_wconf 83' lang='lat' dir='ltr'><strong>Referebatur</strong></span> <span class='ocrx_word' id='word_1_122' title='bbox 512 2499 551 2556; x_wconf 89' lang='lat' dir='ltr'><strong>de</strong></span> <span class='ocrx_word' id='word_1_123' title='bbox 586 2500 703 2557; x_wconf 89' lang='lat' dir='ltr'><strong>libertis</strong></span> <span class='ocrx_word' id='word_1_124' title='bbox 738 2498 846 2556; x_wconf 89' lang='lat' dir='ltr'><strong>Afrani</strong></span> <span class='ocrx_word' id='word_1_125' title='bbox 868 2499 977 2557; x_wconf 89' lang='lat' dir='ltr'><strong>Dextri</strong></span> <span class='ocrx_word' id='word_1_126' title='bbox 1009 2500 1141 2558; x_wconf 84' lang='lat' dir='ltr'><strong>consulis</strong></span> 
     </span>
     <span class='ocr_line' id='line_1_19' title="bbox 235 2621 1141 2699; baseline -0.001 -19"><span class='ocrx_word' id='word_1_127' title='bbox 235 2628 386 2681; x_wconf 87' lang='lat' dir='ltr'><strong>incertum</strong></span> <span class='ocrx_word' id='word_1_128' title='bbox 407 2643 460 2680; x_wconf 92' lang='lat' dir='ltr'><strong>sua</strong></span> <span class='ocrx_word' id='word_1_129' title='bbox 480 2643 518 2678; x_wconf 91' lang='lat' dir='ltr'><strong>an</strong></span> <span class='ocrx_word' id='word_1_130' title='bbox 540 2643 661 2680; x_wconf 91' lang='lat' dir='ltr'><strong>suorum</strong></span> <span class='ocrx_word' id='word_1_131' title='bbox 682 2643 783 2693; x_wconf 91' lang='lat' dir='ltr'><strong>manu,</strong></span> <span class='ocrx_word' id='word_1_132' title='bbox 803 2621 917 2680; x_wconf 87' lang='lat' dir='ltr'><strong>scelere</strong></span> <span class='ocrx_word' id='word_1_133' title='bbox 936 2641 975 2678; x_wconf 89' lang='lat' dir='ltr'><strong>an</strong></span> <span class='ocrx_word' id='word_1_134' title='bbox 996 2623 1141 2699; x_wconf 90' lang='lat' dir='ltr'><strong>obsequio</strong></span> 
     </span>
     <span class='ocr_line' id='line_1_20' title="bbox 236 2741 1141 2822; baseline -0.002 -22"><span class='ocrx_word' id='word_1_135' title='bbox 236 2747 375 2820; x_wconf 90' lang='lat' dir='ltr'><strong>peremti.</strong></span> <span class='ocrx_word' id='word_1_136' title='bbox 436 2743 500 2800; x_wconf 91' lang='lat' dir='ltr'><strong>Hos</strong></span> <span class='ocrx_word' id='word_1_137' title='bbox 528 2743 603 2800; x_wconf 90' lang='lat' dir='ltr'><strong>alius</strong></span> <span class='ocrx_word' id='word_1_138' title='bbox 625 2742 771 2822; x_wconf 85' lang='lat' dir='ltr'><strong>(‘Quis?’</strong></span> <span class='ocrx_word' id='word_1_139' title='bbox 798 2746 905 2818; x_wconf 77' lang='lat' dir='ltr'><strong>inquis,</strong></span> <span class='ocrx_word' id='word_1_140' title='bbox 966 2741 1051 2818; x_wconf 86' lang='lat' dir='ltr'><strong>Ego;</strong></span> <span class='ocrx_word' id='word_1_141' title='bbox 1085 2741 1141 2798; x_wconf 92' lang='lat' dir='ltr'><strong>sed</strong></span> 
     </span>
     <span class='ocr_line' id='line_1_21' title="bbox 236 2859 1141 2940; baseline -0.002 -21"><span class='ocrx_word' id='word_1_142' title='bbox 236 2862 311 2919; x_wconf 93' lang='lat' dir='ltr'><strong>nihil</strong></span> <span class='ocrx_word' id='word_1_143' title='bbox 335 2859 443 2940; x_wconf 89' lang='lat' dir='ltr'><strong>refert)</strong></span> <span class='ocrx_word' id='word_1_144' title='bbox 464 2869 533 2937; x_wconf 94' lang='lat' dir='ltr'><strong>post</strong></span> <span class='ocrx_word' id='word_1_145' title='bbox 556 2864 765 2937; x_wconf 89' lang='lat' dir='ltr'><strong>quaestionem</strong></span> <span class='ocrx_word' id='word_1_146' title='bbox 791 2860 937 2936; x_wconf 88' lang='lat' dir='ltr'><strong>supplicio</strong></span> <span class='ocrx_word' id='word_1_147' title='bbox 958 2859 1141 2932; x_wconf 67' lang='lat' dir='ltr'><strong>liberandos</strong></span> 
     </span>
     <span class='ocr_line' id='line_1_22' title="bbox 235 2983 1141 3060; baseline -0.001 -19"><span class='ocrx_word' id='word_1_148' title='bbox 235 2985 311 3041; x_wconf 87' lang='lat' dir='ltr'><strong>alius</strong></span> <span class='ocrx_word' id='word_1_149' title='bbox 335 2989 367 3041; x_wconf 90' lang='lat' dir='ltr'><strong>in</strong></span> <span class='ocrx_word' id='word_1_150' title='bbox 390 2984 520 3041; x_wconf 88' lang='lat' dir='ltr'><strong>insulam</strong></span> <span class='ocrx_word' id='word_1_151' title='bbox 542 2983 731 3060; x_wconf 85' lang='lat' dir='ltr'><strong>relegandos,</strong></span> <span class='ocrx_word' id='word_1_152' title='bbox 754 2983 828 3041; x_wconf 89' lang='lat' dir='ltr'><strong>alius</strong></span> <span class='ocrx_word' id='word_1_153' title='bbox 851 2991 949 3040; x_wconf 91' lang='lat' dir='ltr'><strong>morte</strong></span> <span class='ocrx_word' id='word_1_154' title='bbox 970 2983 1141 3060; x_wconf 90' lang='lat' dir='ltr'><strong>puniendos</strong></span> 
     </span>
     <span class='ocr_line' id='line_1_23' title="bbox 236 3101 1141 3175; baseline -0.001 -14"><span class='ocrx_word' id='word_1_155' title='bbox 236 3106 443 3163; x_wconf 83' lang='lat' dir='ltr'><strong>arbitrabatur.</strong></span> <span class='ocrx_word' id='word_1_156' title='bbox 488 3103 624 3175; x_wconf 84' lang='lat' dir='ltr'><strong>Quarum</strong></span> <span class='ocrx_word' id='word_1_157' title='bbox 643 3107 863 3160; x_wconf 87' lang='lat' dir='ltr'><strong>sententiarum</strong></span> <span class='ocrx_word' id='word_1_158' title='bbox 882 3109 968 3159; x_wconf 84' lang='lat' dir='ltr'><strong>tanta</strong></span> <span class='ocrx_word' id='word_1_159' title='bbox 982 3101 1141 3160; x_wconf 88' lang='lat' dir='ltr'><strong>diversitas</strong></span> 
     </span>
    </p>
   </div>
   <div class='ocr_carea' id='block_1_6' title="bbox 240 3217 1137 3403">
    <p class='ocr_par' dir='ltr' id='par_1_8' title="bbox 240 3217 1137 3403">
     <span class='ocr_line' id='line_1_24' title="bbox 269 3217 1137 3298; baseline -0.002 -14"><span class='ocrx_word' id='word_1_160' title='bbox 269 3235 277 3268; x_wconf 86' lang='lat'>¹</span> <span class='ocrx_word' id='word_1_161' title='bbox 295 3235 391 3284; x_wconf 80' lang='lat' dir='ltr'><strong>seimus</strong></span> <span class='ocrx_word' id='word_1_162' title='bbox 403 3233 590 3296; x_wconf 63' lang='lat' dir='ltr'><strong>Reiffersclrad.</strong></span> <span class='ocrx_word' id='word_1_163' title='bbox 601 3234 671 3284; x_wconf 75' lang='lat' dir='ltr'><strong>Mara.</strong></span> <span class='ocrx_word' id='word_1_164' title='bbox 685 3233 766 3282; x_wconf 78' lang='lat' dir='ltr'><strong>Rhea.</strong></span> <span class='ocrx_word' id='word_1_165' title='bbox 779 3235 850 3294; x_wconf 87' lang='grc'><strong>1860,</strong></span> <span class='ocrx_word' id='word_1_166' title='bbox 864 3250 889 3298; x_wconf 93' lang='lat' dir='ltr'><strong>p.</strong></span> <span class='ocrx_word' id='word_1_167' title='bbox 901 3234 958 3294; x_wconf 89' lang='grc'><strong>636,</strong></span> <span class='ocrx_word' id='word_1_168' title='bbox 968 3217 1059 3282; x_wconf 78' lang='lat' dir='ltr'><strong>sumus</strong></span> <span class='ocrx_word' id='word_1_169' title='bbox 1071 3233 1137 3296; x_wconf 63' lang='grc' dir='ltr'><strong><em>ναῖς.</em></strong></span> 
     </span>
     <span class='ocr_line' id='line_1_25' title="bbox 240 3348 296 3403; baseline 0 -17"><span class='ocrx_word' id='word_1_170' title='bbox 240 3348 296 3403; x_wconf 87' lang='lat'><strong>130</strong></span> 
     </span>
    </p>
   </div>
   <div class='ocr_carea' id='block_1_7' title="bbox 0 124 1228 3790">
    <p class='ocr_par' dir='ltr' id='par_1_9' title="bbox 0 124 1228 3790">
     <span class='ocr_line' id='line_1_26' title="bbox 0 124 1228 3790; baseline 0 0"><span class='ocrx_word' id='word_1_171' title='bbox 0 124 1228 3790; x_wconf 95' lang='lat' dir='ltr'><strong> </strong></span> 
     </span>
    </p>
   </div>
  </div>
 </body>
</html>
