<?xml version="1.0" encoding="UTF-8"?>
<!DOCTYPE html PUBLIC "-//W3C//DTD XHTML 1.0 Transitional//EN"
    "http://www.w3.org/TR/xhtml1/DTD/xhtml1-transitional.dtd">
<html xmlns="http://www.w3.org/1999/xhtml" xml:lang="en" lang="en">
 <head>
  <title>
</title>
<meta http-equiv="Content-Type" content="text/html;charset=utf-8" />
  <meta name='ocr-system' content='tesseract 3.04.00' />
  <meta name='ocr-capabilities' content='ocr_page ocr_carea ocr_par ocr_line ocrx_word'/>
</head>
<body>
  <div class='ocr_page' id='page_1' title='image "./letters00hutcgoog_0293.png"; bbox 0 0 2352 3802; ppageno 0'>
   <div class='ocr_carea' id='block_1_1' title="bbox 349 373 895 433">
    <p class='ocr_par' dir='ltr' id='par_1_1' title="bbox 349 373 895 433">
     <span class='ocr_line' id='line_1_1' title="bbox 349 373 895 433; baseline 0.002 -3"><span class='ocrx_word' id='word_1_1' title='bbox 349 373 439 430; x_wconf 87' lang='lat' dir='ltr'><strong>THE</strong></span> <span class='ocrx_word' id='word_1_2' title='bbox 467 373 654 433; x_wconf 73' lang='lat' dir='ltr'><strong>Lsi&#39;rnns</strong></span> <span class='ocrx_word' id='word_1_3' title='bbox 679 375 735 433; x_wconf 85' lang='lat' dir='ltr'><strong>OF</strong></span> <span class='ocrx_word' id='word_1_4' title='bbox 766 375 895 432; x_wconf 90' lang='lat' dir='ltr'>PLINY</span> 
     </span>
    </p>
   </div>
   <div class='ocr_carea' id='block_1_2' title="bbox 167 532 1144 1186">
    <p class='ocr_par' dir='ltr' id='par_1_2' title="bbox 167 532 1149 1186">
     <span class='ocr_line' id='line_1_2' title="bbox 167 532 1143 611; baseline 0.003 -21"><span class='ocrx_word' id='word_1_5' title='bbox 167 543 239 592; x_wconf 88' lang='lat' dir='ltr'><strong>ante</strong></span> <span class='ocrx_word' id='word_1_6' title='bbox 267 537 296 590; x_wconf 93' lang='lat' dir='ltr'><strong>ei</strong></span> <span class='ocrx_word' id='word_1_7' title='bbox 324 532 563 590; x_wconf 81' lang='lat' dir='ltr'><strong>Alexandrinam</strong></span> <span class='ocrx_word' id='word_1_8' title='bbox 587 537 745 592; x_wconf 86' lang='lat' dir='ltr'><strong>civitatem</strong></span> <span class='ocrx_word' id='word_1_9' title='bbox 767 539 944 611; x_wconf 89' lang='lat' dir='ltr'><strong>impetrare,</strong></span> <span class='ocrx_word' id='word_1_10' title='bbox 966 534 1084 593; x_wconf 88' lang='lat' dir='ltr'><strong>deinde</strong></span> <span class='ocrx_word' id='word_1_11' title='bbox 1142 555 1143 566; x_wconf 60' lang='lat'>¹</span> 
     </span>
     <span class='ocr_line' id='line_1_3' title="bbox 170 637 1144 725; baseline 0.005 -23"><span class='ocrx_word' id='word_1_12' title='bbox 170 647 344 717; x_wconf 85' lang='lat' dir='ltr'><strong>Romanam,</strong></span> <span class='ocrx_word' id='word_1_13' title='bbox 369 651 512 724; x_wconf 86' lang='lat' dir='ltr'><strong>quoniam</strong></span> <span class='ocrx_word' id='word_1_14' title='bbox 540 655 622 704; x_wconf 89' lang='lat' dir='ltr'><strong>esset</strong></span> <span class='ocrx_word' id='word_1_15' title='bbox 647 648 829 725; x_wconf 87' lang='lat' dir='ltr'><strong>Aegyptius.</strong></span> <span class='ocrx_word' id='word_1_16' title='bbox 874 648 942 724; x_wconf 85' lang='lat' dir='ltr'><strong>Ego</strong></span> <span class='ocrx_word' id='word_1_17' title='bbox 964 657 1083 720; x_wconf 86' lang='lat' dir='ltr'><strong>autem,</strong></span> <span class='ocrx_word' id='word_1_18' title='bbox 1143 637 1144 644; x_wconf 8' lang='grc' dir='ltr'>ἵ</span> 
     </span>
     <span class='ocr_line' id='line_1_4' title="bbox 167 757 1083 840; baseline 0.005 -25"><span class='ocrx_word' id='word_1_19' title='bbox 167 763 238 836; x_wconf 89' lang='lat' dir='ltr'><strong>quia</strong></span> <span class='ocrx_word' id='word_1_20' title='bbox 265 764 347 817; x_wconf 90' lang='lat' dir='ltr'><strong>inter</strong></span> <span class='ocrx_word' id='word_1_21' title='bbox 374 757 544 837; x_wconf 87' lang='lat' dir='ltr'><strong>Aegyptios</strong></span> <span class='ocrx_word' id='word_1_22' title='bbox 572 769 752 839; x_wconf 87' lang='lat' dir='ltr'><strong>ceterosque</strong></span> <span class='ocrx_word' id='word_1_23' title='bbox 788 767 968 840; x_wconf 86' lang='lat' dir='ltr'><strong>peregrinos</strong></span> <span class='ocrx_word' id='word_1_24' title='bbox 1004 763 1083 820; x_wconf 85' lang='lat' dir='ltr'><strong>nihil</strong></span> 
     </span>
     <span class='ocr_line' id='line_1_5' title="bbox 167 875 1083 945; baseline 0.004 -15"><span class='ocrx_word' id='word_1_25' title='bbox 167 878 315 933; x_wconf 88' lang='lat' dir='ltr'><strong>interesse</strong></span> <span class='ocrx_word' id='word_1_26' title='bbox 349 875 521 945; x_wconf 82' lang='lat' dir='ltr'><strong>credebam,</strong></span> <span class='ocrx_word' id='word_1_27' title='bbox 549 884 714 934; x_wconf 87' lang='lat' dir='ltr'><strong>contentus</strong></span> <span class='ocrx_word' id='word_1_28' title='bbox 748 875 867 934; x_wconf 84' lang='lat' dir='ltr'><strong>fueram</strong></span> <span class='ocrx_word' id='word_1_29' title='bbox 895 877 954 934; x_wconf 85' lang='lat' dir='ltr'><strong>hoc</strong></span> <span class='ocrx_word' id='word_1_30' title='bbox 982 878 1083 935; x_wconf 92' lang='lat' dir='ltr'><strong>solum</strong></span> 
     </span>
     <span class='ocr_line' id='line_1_6' title="bbox 167 989 1083 1067; baseline 0.004 -21"><span class='ocrx_word' id='word_1_31' title='bbox 167 989 298 1046; x_wconf 89' lang='lat' dir='ltr'><strong>scribere</strong></span> <span class='ocrx_word' id='word_1_32' title='bbox 320 991 386 1059; x_wconf 89' lang='lat' dir='ltr'><strong>tibi,</strong></span> <span class='ocrx_word' id='word_1_33' title='bbox 410 1009 476 1047; x_wconf 91' lang='lat' dir='ltr'><strong>esse</strong></span> <span class='ocrx_word' id='word_1_34' title='bbox 500 990 594 1048; x_wconf 86' lang='lat' dir='ltr'><strong>euml</strong></span> <span class='ocrx_word' id='word_1_35' title='bbox 622 1010 641 1046; x_wconf 84' lang='lat' dir='ltr'><strong>a</strong></span> <span class='ocrx_word' id='word_1_36' title='bbox 668 996 832 1067; x_wconf 84' lang='lat' dir='ltr'><strong>peregrina</strong></span> <span class='ocrx_word' id='word_1_37' title='bbox 859 997 1083 1050; x_wconf 91' lang='lat' dir='ltr'><strong>manumissum</strong></span> 
     </span>
     <span class='ocr_line' id='line_1_7' title="bbox 167 1106 1084 1186; baseline 0.003 -24"><span class='ocrx_word' id='word_1_38' title='bbox 167 1112 388 1182; x_wconf 89' lang='lat' dir='ltr'><strong>patronamque</strong></span> <span class='ocrx_word' id='word_1_39' title='bbox 409 1109 474 1163; x_wconf 91' lang='lat' dir='ltr'><strong>eius</strong></span> <span class='ocrx_word' id='word_1_40' title='bbox 494 1109 555 1163; x_wconf 91' lang='lat' dir='ltr'><strong>iam</strong></span> <span class='ocrx_word' id='word_1_41' title='bbox 577 1106 697 1182; x_wconf 87' lang='lat' dir='ltr'><strong>pridem</strong></span> <span class='ocrx_word' id='word_1_42' title='bbox 721 1106 897 1166; x_wconf 87' lang='lat' dir='ltr'><strong>decessisse.</strong></span> <span class='ocrx_word' id='word_1_43' title='bbox 948 1107 1000 1166; x_wconf 93' lang='lat' dir='ltr'><strong>De</strong></span> <span class='ocrx_word' id='word_1_44' title='bbox 1021 1129 1084 1186; x_wconf 92' lang='lat' dir='ltr'><strong>qua</strong></span> 
     </span>
    </p>
   </div>
   <div class='ocr_carea' id='block_1_3' title="bbox 168 1223 1083 1300">
    <p class='ocr_par' dir='ltr' id='par_1_3' title="bbox 168 1223 1083 1300">
     <span class='ocr_line' id='line_1_8' title="bbox 168 1223 1083 1300; baseline 0.005 -25"><span class='ocrx_word' id='word_1_45' title='bbox 168 1223 339 1296; x_wconf 82' lang='lat' dir='ltr'><strong>ignorantia</strong></span> <span class='ocrx_word' id='word_1_46' title='bbox 352 1240 421 1277; x_wconf 89' lang='lat' dir='ltr'><strong>mea</strong></span> <span class='ocrx_word' id='word_1_47' title='bbox 434 1239 496 1277; x_wconf 92' lang='lat' dir='ltr'><strong>non</strong></span> <span class='ocrx_word' id='word_1_48' title='bbox 517 1241 637 1298; x_wconf 90' lang='lat' dir='ltr'><strong>queror,</strong></span> <span class='ocrx_word' id='word_1_49' title='bbox 651 1242 707 1298; x_wconf 90' lang='lat' dir='ltr'><strong>per</strong></span> <span class='ocrx_word' id='word_1_50' title='bbox 728 1242 820 1300; x_wconf 88' lang='lat' dir='ltr'><strong>quam</strong></span> <span class='ocrx_word' id='word_1_51' title='bbox 841 1226 939 1293; x_wconf 85' lang='lat' dir='ltr'><strong>stetit,</strong></span> <span class='ocrx_word' id='word_1_52' title='bbox 962 1231 999 1280; x_wconf 89' lang='lat' dir='ltr'><strong>ut</strong></span> <span class='ocrx_word' id='word_1_53' title='bbox 1023 1225 1083 1281; x_wconf 90' lang='lat' dir='ltr'><strong>tibi</strong></span> 
     </span>
    </p>
   </div>
   <div class='ocr_carea' id='block_1_4' title="bbox 168 1303 790 1412">
    <p class='ocr_par' dir='ltr' id='par_1_4' title="bbox 168 1303 790 1412">
     <span class='ocr_line' id='line_1_9' title="bbox 168 1303 790 1412; baseline 0.003 -20"><span class='ocrx_word' id='word_1_54' title='bbox 168 1355 223 1411; x_wconf 90' lang='lat' dir='ltr'><strong>pro</strong></span> <span class='ocrx_word' id='word_1_55' title='bbox 237 1335 345 1392; x_wconf 91' lang='lat' dir='ltr'><strong>eodem</strong></span> <span class='ocrx_word' id='word_1_56' title='bbox 350 1303 484 1393; x_wconf 28' lang='lat' dir='ltr'><strong>‘homine</strong></span> <span class='ocrx_word' id='word_1_57' title='bbox 498 1340 618 1412; x_wconf 88' lang='lat' dir='ltr'><strong>saepius</strong></span> <span class='ocrx_word' id='word_1_58' title='bbox 631 1336 790 1412; x_wconf 85' lang='lat' dir='ltr'><strong>obligarer.</strong></span> 
     </span>
    </p>
   </div>
   <div class='ocr_carea' id='block_1_5' title="bbox 168 1450 1081 1758">
    <p class='ocr_par' dir='ltr' id='par_1_5' title="bbox 168 1450 1081 1758">
     <span class='ocr_line' id='line_1_10' title="bbox 211 1450 1081 1528; baseline 0.002 -22"><span class='ocrx_word' id='word_1_59' title='bbox 211 1451 295 1527; x_wconf 84' lang='lat' dir='ltr'><strong>Rogo</strong></span> <span class='ocrx_word' id='word_1_60' title='bbox 309 1455 422 1528; x_wconf 86' lang='lat' dir='ltr'><strong>itaque,</strong></span> <span class='ocrx_word' id='word_1_61' title='bbox 437 1459 473 1508; x_wconf 91' lang='lat' dir='ltr'><strong>ut</strong></span> <span class='ocrx_word' id='word_1_62' title='bbox 486 1452 634 1510; x_wconf 88' lang='lat' dir='ltr'><strong>beneficio</strong></span> <span class='ocrx_word' id='word_1_63' title='bbox 648 1460 703 1509; x_wconf 92' lang='lat' dir='ltr'><strong>tuo</strong></span> <span class='ocrx_word' id='word_1_64' title='bbox 717 1451 856 1528; x_wconf 84' lang='lat' dir='ltr'><strong>legitime</strong></span> <span class='ocrx_word' id='word_1_65' title='bbox 874 1450 933 1508; x_wconf 90' lang='lat' dir='ltr'><strong>frui</strong></span> <span class='ocrx_word' id='word_1_66' title='bbox 955 1457 1081 1528; x_wconf 89' lang='lat' dir='ltr'><strong>possim,</strong></span> 
     </span>
     <span class='ocr_line' id='line_1_11' title="bbox 168 1565 1079 1626; baseline 0.002 -4"><span class='ocrx_word' id='word_1_67' title='bbox 168 1566 283 1622; x_wconf 85' lang='lat' dir='ltr'><strong>tribuas</strong></span> <span class='ocrx_word' id='word_1_68' title='bbox 299 1570 329 1623; x_wconf 91' lang='lat' dir='ltr'><strong>ei</strong></span> <span class='ocrx_word' id='word_1_69' title='bbox 350 1574 383 1624; x_wconf 88' lang='lat' dir='ltr'><strong>et</strong></span> <span class='ocrx_word' id='word_1_70' title='bbox 404 1565 644 1624; x_wconf 76' lang='lat' dir='ltr'><strong>Alexandrinam</strong></span> <span class='ocrx_word' id='word_1_71' title='bbox 666 1571 824 1626; x_wconf 87' lang='lat' dir='ltr'><strong>civitatem</strong></span> <span class='ocrx_word' id='word_1_72' title='bbox 845 1575 878 1624; x_wconf 90' lang='lat' dir='ltr'><strong>et</strong></span> <span class='ocrx_word' id='word_1_73' title='bbox 901 1567 1079 1624; x_wconf 85' lang='lat' dir='ltr'><strong>Romanam.</strong></span> 
     </span>
     <span class='ocr_line' id='line_1_12' title="bbox 170 1680 1080 1758; baseline 0.003 -22"><span class='ocrx_word' id='word_1_74' title='bbox 170 1680 275 1738; x_wconf 91' lang='lat' dir='ltr'><strong>Annos</strong></span> <span class='ocrx_word' id='word_1_75' title='bbox 295 1684 360 1737; x_wconf 89' lang='lat' dir='ltr'><strong>eius</strong></span> <span class='ocrx_word' id='word_1_76' title='bbox 374 1687 407 1738; x_wconf 90' lang='lat' dir='ltr'><strong>et</strong></span> <span class='ocrx_word' id='word_1_77' title='bbox 421 1700 557 1752; x_wconf 90' lang='lat' dir='ltr'><strong>censum,</strong></span> <span class='ocrx_word' id='word_1_78' title='bbox 577 1701 618 1738; x_wconf 86' lang='lat' dir='ltr'><strong>ne</strong></span> <span class='ocrx_word' id='word_1_79' title='bbox 638 1681 713 1758; x_wconf 93' lang='lat' dir='ltr'><strong>quid</strong></span> <span class='ocrx_word' id='word_1_80' title='bbox 734 1700 837 1738; x_wconf 91' lang='lat' dir='ltr'><strong>rursus</strong></span> <span class='ocrx_word' id='word_1_81' title='bbox 851 1680 1080 1758; x_wconf 81' lang='lat' dir='ltr'><strong>indulgentiam</strong></span> 
     </span>
    </p>
   </div>
   <div class='ocr_carea' id='block_1_6' title="bbox 168 1795 1028 1874">
    <p class='ocr_par' dir='ltr' id='par_1_6' title="bbox 168 1795 1028 1874">
     <span class='ocr_line' id='line_1_13' title="bbox 168 1795 1028 1874; baseline 0.001 -20"><span class='ocrx_word' id='word_1_82' title='bbox 168 1803 252 1854; x_wconf 86' lang='lat' dir='ltr'><strong>tuam</strong></span> <span class='ocrx_word' id='word_1_83' title='bbox 266 1804 444 1867; x_wconf 88' lang='lat' dir='ltr'><strong>moraretur,</strong></span> <span class='ocrx_word' id='word_1_84' title='bbox 456 1795 575 1854; x_wconf 87' lang='lat' dir='ltr'><strong>libertis</strong></span> <span class='ocrx_word' id='word_1_85' title='bbox 588 1801 659 1868; x_wconf 86' lang='lat' dir='ltr'><strong>tuis,</strong></span> <span class='ocrx_word' id='word_1_86' title='bbox 673 1798 783 1874; x_wconf 90' lang='lat' dir='ltr'><strong>quibus</strong></span> <span class='ocrx_word' id='word_1_87' title='bbox 796 1800 935 1868; x_wconf 88' lang='lat' dir='ltr'><strong>iusseras,</strong></span> <span class='ocrx_word' id='word_1_88' title='bbox 949 1801 1028 1855; x_wconf 78' lang='lat' dir='ltr'><strong>misi.</strong></span> 
     </span>
    </p>
   </div>
   <div class='ocr_carea' id='block_1_7' title="bbox 588 2019 648 2076">
    <p class='ocr_par' dir='ltr' id='par_1_7' title="bbox 588 2019 648 2076">
     <span class='ocr_line' id='line_1_14' title="bbox 588 2019 648 2076; baseline 0.033 -2"><span class='ocrx_word' id='word_1_89' title='bbox 588 2019 648 2076; x_wconf 94' lang='lat' dir='ltr'><strong>Vll</strong></span> 
     </span>
    </p>
   </div>
   <div class='ocr_carea' id='block_1_8' title="bbox 390 2152 761 2216">
    <p class='ocr_par' dir='ltr' id='par_1_8' title="bbox 390 2152 761 2216">
     <span class='ocr_line' id='line_1_15' title="bbox 390 2152 761 2216; baseline -0.003 -7"><span class='ocrx_word' id='word_1_90' title='bbox 390 2213 392 2216; x_wconf 70' lang='grc'>,</span> <span class='ocrx_word' id='word_1_91' title='bbox 479 2152 635 2209; x_wconf 74' lang='lat' dir='ltr'><strong>Taxiauus</strong></span> <span class='ocrx_word' id='word_1_92' title='bbox 655 2152 761 2208; x_wconf 81' lang='lat' dir='ltr'><strong>Pnuuo</strong></span> 
     </span>
    </p>
   </div>
   <div class='ocr_carea' id='block_1_9' title="bbox 169 2282 1079 3005">
    <p class='ocr_par' dir='ltr' id='par_1_9' title="bbox 169 2282 1079 3005">
     <span class='ocr_line' id='line_1_16' title="bbox 210 2282 1079 2343; baseline 0.002 -2"><span class='ocrx_word' id='word_1_93' title='bbox 210 2284 376 2342; x_wconf 78' lang='lat' dir='ltr'><strong>Civirarnii</strong></span> <span class='ocrx_word' id='word_1_94' title='bbox 400 2282 638 2341; x_wconf 83' lang='lat' dir='ltr'><strong>Alexandrinam</strong></span> <span class='ocrx_word' id='word_1_95' title='bbox 659 2283 827 2341; x_wconf 89' lang='lat' dir='ltr'><strong>secundum</strong></span> <span class='ocrx_word' id='word_1_96' title='bbox 848 2287 1079 2343; x_wconf 87' lang='lat' dir='ltr'><strong>institutionem</strong></span> 
     </span>
     <span class='ocr_line' id='line_1_17' title="bbox 169 2389 1078 2469; baseline 0.001 -21"><span class='ocrx_word' id='word_1_97' title='bbox 169 2395 339 2469; x_wconf 88' lang='lat' dir='ltr'><strong>principum</strong></span> <span class='ocrx_word' id='word_1_98' title='bbox 367 2411 429 2447; x_wconf 92' lang='lat' dir='ltr'><strong>non</strong></span> <span class='ocrx_word' id='word_1_99' title='bbox 456 2399 574 2449; x_wconf 88' lang='lat' dir='ltr'><strong>temere</strong></span> <span class='ocrx_word' id='word_1_100' title='bbox 601 2389 674 2448; x_wconf 88' lang='lat' dir='ltr'><strong>dare</strong></span> <span class='ocrx_word' id='word_1_101' title='bbox 711 2393 860 2466; x_wconf 90' lang='lat' dir='ltr'><strong>proposui.</strong></span> <span class='ocrx_word' id='word_1_102' title='bbox 905 2389 976 2461; x_wconf 90' lang='lat' dir='ltr'><strong>Sed,</strong></span> <span class='ocrx_word' id='word_1_103' title='bbox 1006 2411 1078 2449; x_wconf 88' lang='lat' dir='ltr'><strong>eum</strong></span> 
     </span>
     <span class='ocr_line' id='line_1_18' title="bbox 171 2497 1078 2575; baseline 0.001 -21"><span class='ocrx_word' id='word_1_104' title='bbox 171 2499 361 2575; x_wconf 77' lang='lat' dir='ltr'><strong>Harpocran,</strong></span> <span class='ocrx_word' id='word_1_105' title='bbox 376 2497 547 2574; x_wconf 84' lang='lat' dir='ltr'><strong>iatraliptae</strong></span> <span class='ocrx_word' id='word_1_106' title='bbox 568 2505 631 2570; x_wconf 90' lang='lat' dir='ltr'><strong>tuo,</strong></span> <span class='ocrx_word' id='word_1_107' title='bbox 647 2501 706 2554; x_wconf 90' lang='lat' dir='ltr'><strong>iam</strong></span> <span class='ocrx_word' id='word_1_108' title='bbox 729 2500 885 2554; x_wconf 84' lang='lat' dir='ltr'><strong>civitatem</strong></span> <span class='ocrx_word' id='word_1_109' title='bbox 908 2497 1078 2555; x_wconf 86' lang='lat' dir='ltr'><strong>Romanam</strong></span> 
     </span>
     <span class='ocr_line' id='line_1_19' title="bbox 169 2604 1078 2683; baseline 0 -21"><span class='ocrx_word' id='word_1_110' title='bbox 169 2609 386 2683; x_wconf 89' lang='lat' dir='ltr'><strong>impetraveris,</strong></span> <span class='ocrx_word' id='word_1_111' title='bbox 401 2604 471 2661; x_wconf 92' lang='lat' dir='ltr'><strong>huic</strong></span> <span class='ocrx_word' id='word_1_112' title='bbox 485 2624 606 2681; x_wconf 92' lang='lat' dir='ltr'><strong>quoque</strong></span> <span class='ocrx_word' id='word_1_113' title='bbox 626 2607 770 2680; x_wconf 80' lang='lat' dir='ltr'><strong>petitioni</strong></span> <span class='ocrx_word' id='word_1_114' title='bbox 784 2611 855 2662; x_wconf 88' lang='lat' dir='ltr'><strong>tuae</strong></span> <span class='ocrx_word' id='word_1_115' title='bbox 876 2623 990 2680; x_wconf 87' lang='lat' dir='ltr'><strong>negare</strong></span> <span class='ocrx_word' id='word_1_116' title='bbox 1013 2625 1078 2662; x_wconf 92' lang='lat' dir='ltr'><strong>non</strong></span> 
     </span>
     <span class='ocr_line' id='line_1_20' title="bbox 169 2709 1079 2788; baseline -0.002 -16"><span class='ocrx_word' id='word_1_117' title='bbox 169 2717 313 2772; x_wconf 87' lang='lat' dir='ltr'><strong>sustineo.</strong></span> <span class='ocrx_word' id='word_1_118' title='bbox 356 2712 413 2783; x_wconf 89' lang='lat' dir='ltr'><strong>Tu,</strong></span> <span class='ocrx_word' id='word_1_119' title='bbox 428 2731 466 2768; x_wconf 88' lang='lat' dir='ltr'><strong>ex</strong></span> <span class='ocrx_word' id='word_1_120' title='bbox 481 2731 541 2788; x_wconf 93' lang='lat' dir='ltr'><strong>quo</strong></span> <span class='ocrx_word' id='word_1_121' title='bbox 563 2731 654 2767; x_wconf 91' lang='lat' dir='ltr'><strong>nomo</strong></span> <span class='ocrx_word' id='word_1_122' title='bbox 676 2715 725 2780; x_wconf 90' lang='lat' dir='ltr'><strong>sit,</strong></span> <span class='ocrx_word' id='word_1_123' title='bbox 748 2719 856 2768; x_wconf 92' lang='lat' dir='ltr'><strong>notum</strong></span> <span class='ocrx_word' id='word_1_124' title='bbox 878 2710 952 2767; x_wconf 91' lang='lat' dir='ltr'><strong>mihi</strong></span> <span class='ocrx_word' id='word_1_125' title='bbox 974 2709 1079 2770; x_wconf 86' lang='lat' dir='ltr'><strong>facere</strong></span> 
     </span>
     <span class='ocr_line' id='line_1_21' title="bbox 170 2816 1079 2896; baseline -0.006 -17"><span class='ocrx_word' id='word_1_126' title='bbox 170 2821 305 2890; x_wconf 89' lang='lat' dir='ltr'><strong>debebis,</strong></span> <span class='ocrx_word' id='word_1_127' title='bbox 334 2826 369 2877; x_wconf 91' lang='lat' dir='ltr'><strong>ut</strong></span> <span class='ocrx_word' id='word_1_128' title='bbox 397 2817 559 2896; x_wconf 90' lang='lat' dir='ltr'><strong>epistulam</strong></span> <span class='ocrx_word' id='word_1_129' title='bbox 586 2819 643 2874; x_wconf 91' lang='lat' dir='ltr'><strong>tibi</strong></span> <span class='ocrx_word' id='word_1_130' title='bbox 663 2817 702 2874; x_wconf 90' lang='lat' dir='ltr'><strong>ad</strong></span> <span class='ocrx_word' id='word_1_131' title='bbox 725 2817 903 2893; x_wconf 89' lang='lat' dir='ltr'><strong>Pompeium</strong></span> <span class='ocrx_word' id='word_1_132' title='bbox 926 2816 1079 2890; x_wconf 86' lang='lat' dir='ltr'><strong>Plantam,</strong></span> 
     </span>
     <span class='ocr_line' id='line_1_22' title="bbox 170 2926 934 3005; baseline -0.007 -20"><span class='ocrx_word' id='word_1_133' title='bbox 170 2926 358 3005; x_wconf 85' lang='lat' dir='ltr'><strong>praefectum</strong></span> <span class='ocrx_word' id='word_1_134' title='bbox 373 2926 519 3003; x_wconf 85' lang='lat' dir='ltr'><strong>Aegypti,</strong></span> <span class='ocrx_word' id='word_1_135' title='bbox 534 2928 664 2982; x_wconf 88' lang='lat' dir='ltr'><strong>amicum</strong></span> <span class='ocrx_word' id='word_1_136' title='bbox 679 2943 791 2995; x_wconf 89' lang='lat' dir='ltr'><strong>meum,</strong></span> <span class='ocrx_word' id='word_1_137' title='bbox 805 2928 934 2982; x_wconf 89' lang='lat' dir='ltr'><strong>mittam.</strong></span> 
     </span>
    </p>
   </div>
   <div class='ocr_carea' id='block_1_10' title="bbox 305 3053 937 3116">
    <p class='ocr_par' dir='ltr' id='par_1_10' title="bbox 305 3053 937 3116">
     <span class='ocr_line' id='line_1_23' title="bbox 305 3053 937 3116; baseline -0.005 -10"><span class='ocrx_word' id='word_1_138' title='bbox 305 3057 315 3089; x_wconf 91' lang='lat'>¹</span> <span class='ocrx_word' id='word_1_139' title='bbox 332 3073 388 3106; x_wconf 85' lang='lat' dir='ltr'><strong>esse</strong></span> <span class='ocrx_word' id='word_1_140' title='bbox 399 3072 458 3105; x_wconf 87' lang='lat' dir='ltr'><strong>eum</strong></span> <span class='ocrx_word' id='word_1_141' title='bbox 472 3056 504 3116; x_wconf 91' lang='lat' dir='ltr'><strong>B,</strong></span> <span class='ocrx_word' id='word_1_142' title='bbox 518 3056 569 3104; x_wconf 88' lang='lat' dir='ltr'><strong>etsi</strong></span> <span class='ocrx_word' id='word_1_143' title='bbox 581 3071 641 3104; x_wconf 89' lang='lat' dir='ltr'><strong>eum</strong></span> <span class='ocrx_word' id='word_1_144' title='bbox 653 3053 715 3114; x_wconf 79' lang='lat' dir='ltr'><strong>Au,</strong></span> <span class='ocrx_word' id='word_1_145' title='bbox 729 3054 830 3104; x_wconf 82' lang='lat' dir='ltr'><strong>scilicet</strong></span> <span class='ocrx_word' id='word_1_146' title='bbox 841 3071 901 3104; x_wconf 86' lang='lat' dir='ltr'><strong>eum</strong></span> <span class='ocrx_word' id='word_1_147' title='bbox 912 3070 937 3104; x_wconf 82' lang='lat' dir='ltr'><strong>a.</strong></span> 
     </span>
    </p>
   </div>
   <div class='ocr_carea' id='block_1_11' title="bbox 454 3135 1071 3144">
    <p class='ocr_par' dir='ltr' id='par_1_11' title="bbox 454 3135 1071 3144">
     <span class='ocr_line' id='line_1_24' title="bbox 454 3135 1071 3144; baseline -0.003 0"><span class='ocrx_word' id='word_1_148' title='bbox 454 3138 711 3144; x_wconf 75' lang='lat'><em>..-.—-—--—-—-—-.</em></span> <span class='ocrx_word' id='word_1_149' title='bbox 785 3138 846 3142; x_wconf 79' lang='lat'><strong>—.-</strong></span> <span class='ocrx_word' id='word_1_150' title='bbox 869 3138 883 3141; x_wconf 89' lang='lat'><strong>..</strong></span> <span class='ocrx_word' id='word_1_151' title='bbox 896 3135 980 3142; x_wconf 49' lang='grc' dir='ltr'><strong>..φ-</strong></span> <span class='ocrx_word' id='word_1_152' title='bbox 995 3136 1071 3142; x_wconf 82' lang='lat'><em>---.</em></span> 
     </span>
    </p>
   </div>
   <div class='ocr_carea' id='block_1_12' title="bbox 171 3137 1078 3297">
    <p class='ocr_par' dir='ltr' id='par_1_12' title="bbox 171 3137 1078 3297">
     <span class='ocr_line' id='line_1_25' title="bbox 171 3137 1078 3216; baseline -0.004 -1"><span class='ocrx_word' id='word_1_153' title='bbox 171 3141 287 3216; x_wconf 31' lang='lat' dir='ltr'><strong>&#39;nst-*The</strong></span> <span class='ocrx_word' id='word_1_154' title='bbox 310 3165 419 3216; x_wconf 78' lang='lat' dir='ltr'><strong>oitizens</strong></span> <span class='ocrx_word' id='word_1_155' title='bbox 438 3163 466 3213; x_wconf 88' lang='lat' dir='ltr'><strong>oi</strong></span> <span class='ocrx_word' id='word_1_156' title='bbox 489 3161 652 3212; x_wconf 86' lang='lat' dir='ltr'><strong>Alexandria</strong></span> <span class='ocrx_word' id='word_1_157' title='bbox 670 3160 724 3211; x_wconf 88' lang='lat' dir='ltr'><strong>and</strong></span> <span class='ocrx_word' id='word_1_158' title='bbox 744 3137 821 3210; x_wconf 80' lang='lat' dir='ltr'><strong>otbar</strong></span> <span class='ocrx_word' id='word_1_159' title='bbox 839 3139 926 3210; x_wconf 69' lang='lat' dir='ltr'><strong>dreek</strong></span> <span class='ocrx_word' id='word_1_160' title='bbox 947 3162 1026 3210; x_wconf 77' lang='lat' dir='ltr'><strong>sities</strong></span> <span class='ocrx_word' id='word_1_161' title='bbox 1047 3162 1078 3212; x_wconf 90' lang='lat' dir='ltr'><strong>in</strong></span> 
     </span>
     <span class='ocr_line' id='line_1_26' title="bbox 171 3225 1078 3297; baseline -0.007 -15"><span class='ocrx_word' id='word_1_162' title='bbox 171 3233 262 3297; x_wconf 80' lang='lat' dir='ltr'><strong>Egypt</strong></span> <span class='ocrx_word' id='word_1_163' title='bbox 272 3230 374 3281; x_wconf 86' lang='lat' dir='ltr'><strong>formed</strong></span> <span class='ocrx_word' id='word_1_164' title='bbox 385 3247 400 3280; x_wconf 85' lang='lat' dir='ltr'><strong>a</strong></span> <span class='ocrx_word' id='word_1_165' title='bbox 412 3229 526 3280; x_wconf 85' lang='lat' dir='ltr'><strong>distinct</strong></span> <span class='ocrx_word' id='word_1_166' title='bbox 537 3227 605 3278; x_wconf 79' lang='lat' dir='ltr'><strong>class</strong></span> <span class='ocrx_word' id='word_1_167' title='bbox 616 3227 684 3277; x_wconf 81' lang='lat' dir='ltr'><strong>from</strong></span> <span class='ocrx_word' id='word_1_168' title='bbox 702 3227 749 3277; x_wconf 84' lang='lat' dir='ltr'><strong>tho</strong></span> <span class='ocrx_word' id='word_1_169' title='bbox 767 3227 915 3292; x_wconf 82' lang='lat' dir='ltr'><strong>Egyptians</strong></span> <span class='ocrx_word' id='word_1_170' title='bbox 932 3225 1078 3293; x_wconf 80' lang='lat' dir='ltr'><strong>belonging</strong></span> 
     </span>
    </p>
   </div>
   <div class='ocr_carea' id='block_1_13' title="bbox 172 3318 230 3388">
    <p class='ocr_par' dir='ltr' id='par_1_13' title="bbox 172 3318 230 3388">
     <span class='ocr_line' id='line_1_27' title="bbox 172 3318 230 3388; baseline 0 -14"><span class='ocrx_word' id='word_1_171' title='bbox 172 3318 230 3388; x_wconf 88' lang='lat'><strong>284</strong></span> 
     </span>
    </p>
   </div>
   <div class='ocr_carea' id='block_1_14' title="bbox 0 0 1182 3802">
    <p class='ocr_par' dir='ltr' id='par_1_14' title="bbox 0 0 1182 3802">
     <span class='ocr_line' id='line_1_28' title="bbox 0 0 1182 3802; baseline 0 0"><span class='ocrx_word' id='word_1_172' title='bbox 0 0 1182 3802; x_wconf 95' lang='lat' dir='ltr'><strong> </strong></span> 
     </span>
    </p>
   </div>
  </div>
 </body>
</html>
