2438 3790
372 360 461 417 THE
490 359 674 418 LETTERS
702 360 757 418 OF
787 359 913 418 PLINY

189 523 319 595 spatiosa
344 526 377 575 et
402 538 495 594 capax
520 518 638 588 domus,
661 518 715 576 sed
740 517 860 575 infamis
885 526 918 575 et
940 517 1095 594 pestilens.

193 651 248 706 Per
273 649 428 708 silentium
456 654 554 707 noctis
582 670 673 707 sonus
701 649 772 706 ferri
801 658 843 720 et,
871 653 894 706 si
919 649 1098 706 attenderes

189 787 294 853 acrius
309 787 453 859 strepitus
468 783 654 840 vinculorum
676 782 795 858 longius
816 787 922 859 primo,
945 781 1058 839 deinde
1079 803 1098 840 e

189 920 326 992 proximo
346 915 538 974 reddebatur.
584 917 655 972 Mox
677 917 842 992 apparebat
869 915 981 985 idolon,
1004 935 1096 972 senex

189 1052 285 1104 macie
301 1056 334 1105 et
347 1048 484 1124 squalore
499 1047 665 1119 confectus
680 1051 825 1124 promissa
846 1048 946 1117 barba,
961 1046 1097 1103 horrenti

1169 646 1171 728 l

1170 731 1172 812 l

191 1179 299 1256 capillo
312 1201 319 1248 ;
340 1182 474 1238 eruribus
489 1181 661 1257 compedes,
676 1181 814 1237 manibus
828 1188 951 1238 catenas
972 1180 1099 1256 gerebat
1176 1176 1177 1220 l

190 1315 415 1391 quatiebatque.
461 1314 538 1371 lnde
560 1312 802 1370 inhabitantibus
826 1317 929 1371 tristes
954 1312 1097 1390 diraeque
1178 1351 1179 1362 .

192 1455 296 1504 noctes
312 1467 366 1522 per
380 1455 496 1504 metum
522 1445 742 1522 vigilabantur3
764 1445 896 1521 vigiliam
921 1446 1043 1503 morbus
1066 1454 1099 1504 et
1179 1442 1180 1446 ¹

192 1586 348 1635 crescente
363 1578 525 1635 formidine
540 1597 620 1635 mors
635 1578 826 1654 sequebatur.
871 1577 950 1634 Nam
964 1578 1098 1635 interdiu
1181 1621 1182 1628 .

191 1732 322 1789 quoque,
336 1732 518 1789 quamquam
533 1710 718 1768 abscesserat
739 1714 848 1786 imago,
869 1715 1015 1767 memoria
1029 1714 1099 1767 ima-

192 1847 270 1920 ginis
286 1844 379 1901 oculis
394 1844 556 1913 inerrabat,
570 1843 749 1918 longiorque
764 1847 860 1901 causis
874 1847 991 1901 timoris
1008 1847 1099 1900 timor

193 1985 265 2034 erat.
310 1976 439 2033 Deserta
467 1975 539 2032 inde
568 1982 600 2031 et
628 1974 771 2032 damnata
800 1974 963 2032 solitudine
992 1974 1099 2033 domus

192 2109 317 2176 totaque
326 2099 370 2156 illi
379 2107 513 2156 monstro
524 2098 647 2166 relicta3
669 2099 911 2174 proscribebatur
919 2106 1033 2168 tamen,
1045 2118 1097 2154 seu

192 2227 259 2300 quis
287 2243 388 2280 emere
417 2244 469 2280 seu
499 2207 568 2300 quis·
585 2223 756 2281 conducere
779 2228 901 2300 ignarus
923 2227 1002 2280 tanti
1027 2223 1099 2279 mali

192 2347 293 2404 vellet.

215 2472 327 2527 'Venit
361 2470 499 2528 Athenas
537 2470 733 2548 philosophus
769 2471 995 2540 Athenodorus,
1023 2470 1101 2546 legit

163 2611 166 2615 '
192 2593 316 2652 titulum
338 2593 502 2670 auditoque
517 2598 616 2670 pretio
638 2599 709 2671 quia
736 2601 877 2670 suspecta
898 2593 1012 2664 vilitas,
1030 2613 1099 2670 per-

193 2725 353 2777 cunctatus
367 2721 466 2774 omnia
482 2717 609 2806 docetur
622 2738 656 2773 ac
671 2717 767 2775 nihilo
781 2722 890 2789 minus,
905 2721 998 2774 immo
1011 2705 1114 2776 tanto,

193 2846 288 2918 magis
317 2841 467 2898 conducit.
497 2823 573 2898 -lUbi
601 2845 703 2916 coepit
730 2840 992 2916 advesperascere,
1014 2840 1101 2897 iubet

226 3023 239 3045 ‘²
256 3013 340 3063 There
360 3031 428 3063 were
445 3019 500 3063 two
517 3014 590 3063 Stolo
607 3014 790 3079 philosophers
807 3014 835 3063 ol
858 3015 913 3063 this
929 3030 1014 3072 name,
1034 3012 1100 3063 both

193 3080 298 3129 natives
315 3079 343 3128 oi
360 3080 457 3129 Tarsus
476 3095 506 3128 or
525 3079 561 3128 its
579 3079 699 3143 vicinity.
737 3079 793 3130 One
810 3095 864 3129 was
881 3080 943 3194 lonq
959 3077 1101 3128 domioiled

193 3145 260 3195 with
272 3145 348 3204 Cato,
362 3145 409 3194 the
421 3145 498 3194 other
511 3145 607 3209 taught
619 3147 765 3210 Augustus.
804 3145 901 3194 Which
914 3161 931 3195 o
953 3144 1000 3194 the
1011 3149 1067 3194 two
1079 3145 1101 3194 is

193 3215 283 3260 meant
296 3210 358 3260 here
370 3213 484 3260 remains
496 3210 640 3260 unknown.

197 3320 234 3376 70
